@misc{Link2016,
    title = {{'Snooper Truck' Inspects Bridges}},
    year = {2016},
    booktitle = {Post Bulletin},
    author = {Link, Andrew},
    month = {4},
    url = {http://www.postbulletin.com/news/local/snooper-truck-inspects-bridges/article_89e240be-12bb-5a74-9ffe-d86e98cfe04f.html},
    address = {Rochester, MN}
}

@article{Westoby2012,
    title = {{'Structure-from-Motion' photogrammetry: A low-cost, effective tool for geoscience applications}},
    year = {2012},
    journal = {Geomorphology},
    author = {Westoby, M. J. and Brasington, J. and Glasser, N. F. and Hambrey, M. J. and Reynolds, J. M.},
    pages = {300--314},
    volume = {179},
    publisher = {Elsevier B.V.},
    url = {http://dx.doi.org/10.1016/j.geomorph.2012.08.021},
    isbn = {0169-555X},
    doi = {10.1016/j.geomorph.2012.08.021},
    issn = {0169555X},
    keywords = {Close-range photogrammetry, Digital elevation model (DEM), SFMToolkit, Structure-from-Motion (SfM), Terrestrial laser scanning (TLS)}
}

@techreport{ASCE2016,
    title = {{2017 Infrastructure report card}},
    year = {2016},
    booktitle = {ASCE News},
    author = {{ASCE}},
    number = {2017},
    pages = {1--4},
    url = {http://www.infrastructurereportcard.org/wp-content/uploads/2017/01/Bridges-Final.pdf%0Ahttp://www.infrastructurereportcard.org/a/documents/Bridges.pdf},
    isbn = {9788578110796},
    doi = {10.1017/CBO9781107415324.004},
    issn = {1098-6596},
    pmid = {25246403},
    arxivId = {arXiv:1011.1669v3}
}

@article{Hayata2016,
    title = {{3D point cloud cluster analysis based on principal component analysis of normal-vectors}},
    year = {2016},
    journal = {2015 IEEE 4th Global Conference on Consumer Electronics, GCCE 2015},
    author = {Hayata, Takeshi and Hotta, Tomitaka and Iwakiri, Munetoshi},
    pages = {511--512},
    publisher = {IEEE},
    isbn = {9781479987511},
    doi = {10.1109/GCCE.2015.7398495}
}

@article{Wang2015a,
    title = {{3D Point Cloud Object Detection based on Supervoxel Neighborhood with HoughForest Framework}},
    year = {2015},
    author = {Wang, Hanyun and Wang, Cheng and Li, Peng and Chen, Yiping and Li, Jonathan},
    number = {4},
    pages = {1--12},
    volume = {8}
}

@article{Poux2017,
    title = {{3D Point Clouds in Archaeology: Advances in Acquisition, Processing and Knowledge Integration Applied to Quasi-Planar Objects}},
    year = {2017},
    journal = {Geosciences},
    author = {Poux, Florent and Neuville, Romain and Van Wersch, Line and Nys, Gilles-Antoine and Billen, Roland},
    number = {9},
    pages = {1--32},
    volume = {7},
    url = {http://www.mdpi.com/2076-3263/7/4/96},
    doi = {10.3390/geosciences7040096},
    issn = {2076-3263},
    keywords = {classification, cultural heritage, data fusion, dense image-matching, feature extraction, knowledge integration, laser scanning, ontology, point cloud}
}

@article{Nguyen2017,
    title = {{3D shape, deformation, and vibration measurements using infrared Kinect sensors and digital image correlation}},
    year = {2017},
    journal = {Applied Optics},
    author = {Nguyen, Hieu and Wang, Zhaoyang and Jones, Patrick and Zhao, Bing},
    number = {32},
    pages = {9030},
    volume = {56},
    doi = {10.1364/ao.56.009030},
    issn = {1559-128X}
}

@article{Czerniawski2018a,
    title = {{6D DBSCAN-based segmentation of building point clouds for planar object classification}},
    year = {2018},
    journal = {Automation in Construction},
    author = {Czerniawski, T. and Sankaran, B. and Nahangi, M. and Haas, C. and Leite, F.},
    number = {January},
    pages = {44--58},
    volume = {88},
    publisher = {Elsevier},
    url = {https://doi.org/10.1016/j.autcon.2017.12.029},
    doi = {10.1016/j.autcon.2017.12.029},
    issn = {09265805},
    pmid = {23402997},
    keywords = {Building, Classification, DBSCAN, Machine learning, Plane detection, Point cloud, Segmentation}
}

@article{Lattanzi2013a,
    title = {{A Computational Framework For Next-generation Inspection Imaging}},
    year = {2013},
    author = {Lattanzi, David},
    isbn = {9789898565020}
}

@phdthesis{Lattanzi2013,
    title = {{A COMPUTATIONAL FRAMEWORK FOR NEXT-GENERATION INSPECTION IMAGING}},
    year = {2013},
    author = {Lattanzi, David},
    pages = {0--175},
    url = {https://digital.lib.washington.edu/researchworks/handle/1773/23578},
    school = {University of Washington}
}

@article{Schops2017,
    title = {{A multi-view stereo benchmark with high-resolution images and multi-camera videos}},
    year = {2017},
    journal = {Proceedings - 30th IEEE Conference on Computer Vision and Pattern Recognition, CVPR 2017},
    author = {Sch{\"{o}}ps, Thomas and Sch{\"{o}}nberger, Johannes L. and Galliani, Silvano and Sattler, Torsten and Schindler, Konrad and Pollefeys, Marc and Geiger, Andreas},
    pages = {2538--2547},
    volume = {2017-Janua},
    isbn = {9781538604571},
    doi = {10.1109/CVPR.2017.272}
}

@article{Kovacevic2016,
    title = {{A New Methodology for Assessment of Railway Infrastructure Condition}},
    year = {2016},
    journal = {Transportation Research Procedia},
    author = {Kovacevic, M. S. and Gavin, K. and Oslakovic, I. Stipanovic and Bacic, M.},
    pages = {1930--1939},
    volume = {14},
    publisher = {Elsevier B.V.},
    url = {http://dx.doi.org/10.1016/j.trpro.2016.05.160},
    doi = {10.1016/j.trpro.2016.05.160},
    issn = {23521465},
    keywords = {GPR, embankments, railway infrastructure, risk assessment, unmanned aerial vehicle}
}

@article{Materials2013,
    title = {{A new methodology for non-contact accurate crack width measurement through photogrammetry for automated structural safety evaluation}},
    year = {2013},
    journal = {Smart Materials and Structures},
    author = {Materials, Smart},
    pages = {1--12},
    volume = {22},
    url = {https://iopscience.iop.org/article/10.1088/0964-1726/22/3/035019/pdf},
    doi = {10.1088/0964-1726/22/3/035019}
}

@article{Fan2012,
    title = {{a Novel Approach for Segmentation of Airborne Laser Scanning Point Cloud Located on Roof Structure}},
    year = {2012},
    journal = {Int. Arch. Photogramm. Remote Sens. Spatial Inf. Sci.},
    author = {Fan, H},
    number = {September},
    pages = {97--102},
    volume = {XXXIX-B3},
    url = {http://www.int-arch-photogramm-remote-sens-spatial-inf-sci.net/XXXIX-B3/97/2012/%5Cnhttp://www.int-arch-photogramm-remote-sens-spatial-inf-sci.net/XXXIX-B3/97/2012/isprsarchives-XXXIX-B3-97-2012.pdf},
    doi = {10.5194/isprsarchives-XXXIX-B3-97-2012},
    issn = {1682-1777},
    keywords = {3d building, laser scanning, roof reconstruction, segmentation}
}

@article{Tedeschi2017,
    title = {{A real-time automatic pavement crack and pothole recognition system for mobile Android-based devices}},
    year = {2017},
    journal = {Advanced Engineering Informatics},
    author = {Tedeschi, A. and Benedetto, F.},
    pages = {11--25},
    volume = {32},
    publisher = {Elsevier Ltd},
    url = {http://dx.doi.org/10.1016/j.aei.2016.12.004},
    doi = {10.1016/j.aei.2016.12.004},
    issn = {14740346},
    keywords = {Android, Computer vision, Distress recognition, Infrastructure monitoring, Pavement distress}
}

@article{Koch2015,
    title = {{A review on computer vision based defect detection and condition assessment of concrete and asphalt civil infrastructure}},
    year = {2015},
    journal = {Advanced Engineering Informatics},
    author = {Koch, Christian and Georgieva, Kristina and Kasireddy, Varun and Akinci, Burcu and Fieguth, Paul},
    number = {2},
    pages = {196--210},
    volume = {29},
    publisher = {Elsevier Ltd},
    url = {http://dx.doi.org/10.1016/j.aei.2015.01.008},
    isbn = {1474-0346},
    doi = {10.1016/j.aei.2015.01.008},
    issn = {14740346},
    keywords = {Computer vision, Condition assessment, Defect detection, Infrastructure, Infrastructure monitoring}
}

@article{Perry2018,
    title = {{A STREAMLINED BRIDGE INSPECTION SYSTEM UTILIZING UNMANNED AERIAL}},
    year = {2018},
    journal = {Transportation Research Board},
    author = {Perry, Brandon and Guo, Yanlin and Atadero, Rebecca and W. van de Lindt, John}
}

@article{Marchetti2008,
    title = {{Active Infrared Thermography for Non-Destructive Control for Detection of Defects in Asphalt Pavements}},
    year = {2008},
    journal = {9th International Conference on Quantitative InfraRed Thermography (QIRT)},
    author = {Marchetti, M and Ludwig, S and Dumoulin, J and Ibos, L and Mazioud, A},
    number = {c},
    pages = {3--12}
}

@article{Moulon2012,
    title = {{Adaptive Structure from Motion with a contrario model estimation}},
    year = {2012},
    journal = {Lecture Notes in Computer Science},
    author = {Moulon, Pierre and Monasse, Pascal and Marlet, Renaud},
    number = {PART 4},
    pages = {1--14},
    volume = {7727},
    isbn = {9783642374470},
    doi = {10.1007/978-3-642-37447-0{\{}{\_}{\}}20},
    issn = {03029743},
    keywords = {Folder - openMVG}
}

@article{Jahanshahi2012,
    title = {{Adaptive vision-based crack detection using 3D scene reconstruction for condition assessment of structures}},
    year = {2012},
    journal = {Automation in Construction},
    author = {Jahanshahi, Mohammad R and Masri, Sami F},
    pages = {567--576},
    volume = {22},
    publisher = {Elsevier B.V.},
    url = {http://dx.doi.org/10.1016/j.autcon.2011.11.018},
    doi = {10.1016/j.autcon.2011.11.018},
    issn = {0926-5805},
    keywords = {3D scene reconstruction, Computer vision, Crack detection, Image processing, Morphological operation, Pattern classification}
}

@book{Czerniawski2018,
    title = {{Advanced Computing Strategies for Engineering}},
    year = {2018},
    author = {Czerniawski, Thomas and Leite, Fernanda},
    pages = {186--200},
    volume = {10863},
    publisher = {Springer International Publishing},
    url = {http://link.springer.com/10.1007/978-3-319-91635-4},
    isbn = {978-3-319-91637-8},
    doi = {10.1007/978-3-319-91638-5},
    issn = {0302-9743},
    keywords = {Building information modeling,Deep learning,Comput, building information modeling {\'{a}}, deep learning {\'{a}} computer, vision}
}

@article{Xing2018,
    title = {{Advances in Vision-Based Lane Detection: Algorithms, Integration, Assessment, and Perspectives on ACP-Based Parallel Vision}},
    year = {2018},
    journal = {IEEE/CAA Journal of Automatica Sinica},
    author = {Xing, Yang and Lv, Chen and Chen, Long and Wang, Huaji and Wang, Hong and Cao, Dongpu and Velenis, Efstathios and Wang, Fei Yue},
    number = {3},
    pages = {645--661},
    volume = {5},
    doi = {10.1109/JAS.2018.7511063},
    issn = {23299274},
    keywords = {ACP theory, Advanced driver assistance systems (ADASs), benchmark, lane detection, parallel vision, performance evaluation}
}

@article{Geber1982,
    title = {{AN ABSTRACT OF THE THESIS OF Monica Geber}},
    year = {1982},
    author = {Geber, Monica}
}

@article{Chaudhuri2015,
    title = {{An Automatic Bridge Detection Technique for Multispectral Images An Automatic Bridge Detection Technique for Multispectral Images}},
    year = {2015},
    journal = {IEEE Transactions on Geoscience {\&} Remote Sensing},
    author = {Chaudhuri, D and Samal, Ashok},
    number = {9},
    pages = {2720--2727},
    volume = {46}
}

@article{Gageik2013,
    title = {{An autonomous UAV with an optical flow sensor for positioning and navigation}},
    year = {2013},
    journal = {International Journal of Advanced Robotic Systems},
    author = {Gageik, Nils and Strohmeier, Michael and Montenegro, Sergio},
    pages = {1--9},
    volume = {10},
    doi = {10.5772/56813},
    issn = {17298806},
    keywords = {Autonomous UAV, Navigation, Optical flow, Positioning, Quadrocopter, Quadrotor}
}

@article{Melo2017,
    title = {{Applicability of unmanned aerial system (UAS) for safety inspection on construction sites}},
    year = {2017},
    journal = {Safety Science},
    author = {Melo, Roseneia Rodrigues Santos de and Costa, Dayana Bastos and {\'{A}}lvares, Juliana Sampaio and Irizarry, Javier},
    pages = {174--185},
    volume = {98},
    publisher = {Elsevier Ltd},
    url = {http://dx.doi.org/10.1016/j.ssci.2017.06.008},
    doi = {10.1016/j.ssci.2017.06.008},
    issn = {18791042},
    keywords = {Construction management, Safety inspection, Unmanned aerial vehicles and systems}
}

@article{Greenwood2019,
    title = {{Applications of UAVs in Civil Infrastructure}},
    year = {2019},
    journal = {Journal of Infrastructure Systems},
    author = {Greenwood, William W. and Lynch, Jerome P. and Zekkos, Dimitrios},
    number = {2},
    pages = {04019002},
    volume = {25},
    doi = {10.1061/(asce)is.1943-555x.0000464},
    issn = {1076-0342}
}

@article{Casana2017,
    title = {{Archaeological Aerial Thermography in Theory and Practice}},
    year = {2017},
    journal = {Advances in Archaeological Practice},
    author = {Casana, Jesse and Wiewel, Adam and Cool, Autumn and Hill, Austin Chad and Fisher, Kevin D and Laugier, Elise J},
    number = {4},
    pages = {310--327},
    volume = {5},
    doi = {10.1017/aap.2017.23}
}

@article{Valenca2017,
    title = {{Assessment of cracks on concrete bridges using image processing supported by laser scanning survey}},
    year = {2017},
    journal = {Construction and Building Materials},
    author = {Valen{\c{c}}a, J. and Puente, I. and J{\'{u}}lio, E. and Gonz{\'{a}}lez-Jorge, H. and Arias-S{\'{a}}nchez, P.},
    pages = {668--678},
    volume = {146},
    doi = {10.1016/j.conbuildmat.2017.04.096},
    issn = {09500618},
    keywords = {Bridge assessment, Crack detection, Crack monitoring, Image processing, Laser scanning, Photogrammetry}
}

@article{Prasanna2016,
    title = {{Automated Crack Detection on Concrete Bridges}},
    year = {2016},
    journal = {IEEE Transactions on Automation Science and Engineering},
    author = {Prasanna, Prateek and Dana, Kristin J. and Gucunski, Nenad and Basily, Basily B. and La, Hung M. and Lim, Ronny Salim and Parvardeh, Hooman},
    number = {2},
    pages = {591--599},
    volume = {13},
    isbn = {15455955 (ISSN)},
    doi = {10.1109/TASE.2014.2354314},
    issn = {15455955},
    keywords = {Adaboost, Laplacian pyramid, STRUM classifier, Seekur robot, bridge deck inspection, bridge maintenance, computer vision, concrete, crack detection, crack pattern recognition, homography, image mosaic, image stitching, machine learning, random forest, robotic imaging, robotic inspection, structural health monitoring, structure from motion, support vector machine}
}

@article{Wang2015b,
    title = {{Automatic BIM component extraction from point clouds of existing buildings for sustainability applications}},
    year = {2015},
    journal = {Automation in Construction},
    author = {Wang, Chao and Cho, Yong K. and Kim, Changwan},
    pages = {1--13},
    volume = {56},
    publisher = {Elsevier B.V.},
    url = {http://dx.doi.org/10.1016/j.autcon.2015.04.001},
    isbn = {0926-5805},
    doi = {10.1016/j.autcon.2015.04.001},
    issn = {09265805},
    keywords = {As-is model, BIM, Energy simulation, Laser scanner, Object recognition, Point cloud}
}

@article{Rabah2013,
    title = {{Automatic concrete cracks detection and mapping of terrestrial laser scan data}},
    year = {2013},
    journal = {NRIAG Journal of Astronomy and Geophysics},
    author = {Rabah, Mostafa and Elhattab, Ahmed and Fayad, Atef},
    number = {2},
    pages = {250--255},
    volume = {2},
    publisher = {National Research Institute of Astronomy and Geophysics},
    url = {http://linkinghub.elsevier.com/retrieve/pii/S2090997713000539},
    doi = {10.1016/j.nrjag.2013.12.002},
    issn = {20909977},
    keywords = {crack detection and map-}
}

@article{Tang2012,
    title = {{Automatic execution of workflows on laser-scanned data for extracting bridge surveying goals}},
    year = {2012},
    journal = {Advanced Engineering Informatics},
    author = {Tang, Pingbo and Akinci, Burcu},
    number = {4},
    pages = {889--903},
    volume = {26},
    publisher = {Elsevier Ltd},
    url = {http://dx.doi.org/10.1016/j.aei.2012.07.004},
    isbn = {1474-0346},
    doi = {10.1016/j.aei.2012.07.004},
    issn = {14740346},
    keywords = {3D data processing, Bridge inspection, Imaging techniques, Information systems, Laser scanning, Scientific workflow}
}

@article{Nhat-Duc2018,
    title = {{Automatic recognition of asphalt pavement cracks using metaheuristic optimized edge detection algorithms and convolution neural network}},
    year = {2018},
    journal = {Automation in Construction},
    author = {Hoang, Nhat-Duc and Nguyen, Quoc Lam and Tran, Van Duc},
    number = {June},
    pages = {203--213},
    volume = {94},
    doi = {10.1016/j.autcon.2018.07.008},
    issn = {09265805},
    keywords = {Convolution neural network, Deep learning, Edge detection algorithm, Image processing, Metaheuristic, Pavement crack detection}
}

@article{Gonzalez-Jorge2013,
    title = {{Automatic segmentation of road overpasses and detection of mortar efflorescence using mobile LiDAR data}},
    year = {2013},
    journal = {Optics and Laser Technology},
    author = {Gonz{\'{a}}lez-Jorge, H. and Puente, I. and Riveiro, B. and Mart{\'{i}}nez-S{\'{a}}nchez, J. and Arias, P.},
    pages = {353--361},
    volume = {54},
    publisher = {Elsevier},
    url = {http://dx.doi.org/10.1016/j.optlastec.2013.06.023},
    doi = {10.1016/j.optlastec.2013.06.023},
    issn = {00303992},
    keywords = {LiDAR Land surveying, Mobile, Point cloud processing}
}

@article{Yau,
    title = {{Automating UAV for Inspecting Bridge Elements}},
    author = {Yau, Nie-jia and Liao, Hsien-ke and Tsai, Ming-kuan and Su, Cheng-wei},
    number = {300},
    pages = {1--14}
}

@article{Wang2015,
    title = {{Automation in Construction Automatic BIM component extraction from point clouds of existing buildings for sustainability applications}},
    year = {2015},
    journal = {Automation in Construction},
    author = {Wang, Chao and Cho, Yong K and Kim, Changwan},
    pages = {1--13},
    volume = {56},
    publisher = {Elsevier B.V.},
    url = {http://dx.doi.org/10.1016/j.autcon.2015.04.001},
    doi = {10.1016/j.autcon.2015.04.001},
    issn = {0926-5805},
    keywords = {As-is model, BIM, Energy simulation, Laser scanner, Object recognition, Point cloud}
}

@article{Ellenberg2016,
    title = {{Bridge deck delamination identification from unmanned aerial vehicle infrared imagery}},
    year = {2016},
    journal = {Automation in Construction},
    author = {Ellenberg, A. and Kontsos, A. and Moon, F. and Bartoli, I.},
    pages = {155--165},
    volume = {72},
    publisher = {Elsevier B.V.},
    url = {http://dx.doi.org/10.1016/j.autcon.2016.08.024},
    doi = {10.1016/j.autcon.2016.08.024},
    issn = {09265805}
}

@article{Duque2018,
    title = {{Bridge Deterioration Quantification Protocol Using UAV}},
    year = {2018},
    author = {Duque, Luis and Asce, S M and Seo, Junwon and Ph, D and Asce, M and Wacker, James and Asce, M},
    number = {10},
    pages = {1--12},
    volume = {23},
    doi = {10.1061/(ASCE)BE.1943-5592.0001289.}
}

@article{McGuire2016,
    title = {{Bridge Information Modeling for Inspection and Evaluation}},
    year = {2016},
    journal = {Journal of Bridge Engineering},
    author = {McGuire, Brendan and Atadero, Rebecca and Clevenger, Caroline and Ozbek, Mehmet},
    number = {4},
    pages = {04015076},
    volume = {21},
    url = {http://ascelibrary.org/doi/10.1061/%28ASCE%29BE.1943-5592.0000850},
    doi = {10.1061/(ASCE)BE.1943-5592.0000850},
    issn = {1084-0702}
}

@phdthesis{Taddesse2011,
    title = {{Bridge Inspection Techniques}},
    year = {2011},
    author = {Taddesse, A.},
    school = {Oklahoma State University}
}

@techreport{Ryan2012,
    title = {{Bridge Inspector's Reference Manual}},
    year = {2012},
    booktitle = {FHWA},
    author = {Ryan, Thomas W. and Mann, Eric and Chill, Zachary M. and Ott, Bryan T.},
    pages = {2004},
    volume = {BIRM 1},
    url = {www.nhi.fhwa.dot.gov},
    institution = {FHWA},
    address = {Washington, D.C.},
    doi = {FHWA NHI 12-049}
}

@article{Beskhyroun2016,
    title = {{Bridge related damage quantification using unmanned aerial vehicle imagery}},
    year = {2016},
    journal = {Structural Control and Health Monitoring},
    author = {Beskhyroun, Sherif and Wegner, Leon D and Sparling, Bruce F},
    pages = {1168'1179},
    volume = {23},
    url = {http://dx.doi.org/10.1002/stc.456},
    isbn = {1545-2263},
    doi = {10.1002/stc.1831},
    issn = {15452255},
    pmid = {25246403},
    arxivId = {arXiv:1011.1669v3},
    keywords = {2, bridge, civil engineering, civil engineering structures, damage, damage detection, damage localization, dynamic, dynamic response, engineering, frequency, health, health monitoring, health monitoring structure, methodology, modal analysis, mode shapes, monitoring, natural frequencies, natural frequency, performance, railway, structural health monitoring, structure, variability, vibration based damage detection}
}

@inproceedings{Kim2017,
    title = {{Building Element Recognition with Thermal-Mapped Point Clouds Building element recognition with thermal-mapped point clouds}},
    year = {2017},
    booktitle = {34rd International Symposium on Automation and Robotics in Construction (ISARC)},
    author = {Kim, Pileun and Chen, Jingdao and Cho, Yong K},
    url = {https://www.researchgate.net/publication/318753263_Building_Element_Recognition_with_Thermal-Mapped_Point_Clouds},
    address = {Taipei},
    doi = {10.22260/ISARC2017/0122}
}

@article{Dorafshan2017,
    title = {{Challenges in bridge inspection using small unmanned aerial systems: Results and lessons learned}},
    year = {2017},
    journal = {2017 International Conference on Unmanned Aircraft Systems, ICUAS 2017},
    author = {Dorafshan, Sattar and Maguire, Marc and Hoffer, Nathan V. and Coopmans, Calvin},
    pages = {1722--1730},
    isbn = {9781509044948},
    doi = {10.1109/ICUAS.2017.7991459},
    keywords = {UAS Applications,Payloads}
}

@article{Jung2018,
    title = {{Challenging issues and solutions of bridge inspection technology using unmanned aerial vehicles}},
    year = {2018},
    author = {Jung, Hyung-Jo and Lee, Jin-Hwan and Kim, In-Ho},
    pages = {1059802--1059806},
    volume = {10598},
    url = {https://doi.org/10.1117/12.2300957},
    isbn = {9781510616929},
    doi = {10.1117/12.2300957},
    issn = {1996756X},
    keywords = {bridge inspection, imaging devices, ua v, unmanned aerial vehicle}
}

@article{LamineTazir2018,
    title = {{CICP: Cluster Iterative Closest Point for sparse–dense point cloud registration}},
    year = {2018},
    journal = {Robotics and Autonomous Systems},
    author = {Lamine Tazir, M. and Gokhool, Tawsif and Checchin, Paul and Malaterre, Laurent and Trassoudaine, Laurent},
    month = {10},
    pages = {66--86},
    volume = {108},
    publisher = {Elsevier B.V.},
    url = {https://doi.org/10.1016/j.robot.2018.07.003 https://linkinghub.elsevier.com/retrieve/pii/S0921889017307005},
    doi = {10.1016/j.robot.2018.07.003},
    issn = {09218890},
    keywords = {Cluster, Density change, ICP, Matching, Points selection, Sparse to dense (dense to sparse) registration}
}

@article{Salaan2018,
    title = {{Close visual bridge inspection using a UAV with a passive rotating spherical shell}},
    year = {2018},
    journal = {Journal of Field Robotics},
    author = {Salaan, Carl John O. and Okada, Yoshito and Mizutani, Shoma and Ishii, Takuma and Koura, Keishi and Ohno, Kazunori and Tadokoro, Satoshi},
    pages = {850--867},
    url = {http://doi.wiley.com/10.1002/rob.21781},
    doi = {10.1002/rob.21781},
    issn = {15564959}
}

@article{Dorafshan2018,
    title = {{Comparison of deep convolutional neural networks and edge detectors for image-based crack detection in concrete}},
    year = {2018},
    journal = {Construction and Building Materials},
    author = {Dorafshan, Sattar and Thomas, Robert J. and Maguire, Marc},
    pages = {1031--1045},
    volume = {186},
    publisher = {Elsevier Ltd},
    url = {https://doi.org/10.1016/j.conbuildmat.2018.08.011},
    doi = {10.1016/j.conbuildmat.2018.08.011},
    issn = {09500618},
    keywords = {Concrete, Crack detection, Deep learning, Edge detection, Image processing, Neural network, Structural health monitoring, Vision-based}
}

@article{Dai2013,
    title = {{Comparison of Image-Based and Time-of-Flight-Based Technologies for Three-Dimensional Reconstruction of Infrastructure}},
    year = {2013},
    journal = {JOURNAL OF CONSTRUCTION ENGINEERING AND MANAGEMENT},
    author = {Dai, Fei and Asce, Aff M and Rashidi, Abbas and Asce, S M and Brilakis, Ioannis and Asce, A M and Vela, Patricio},
    number = {January},
    pages = {69--79},
    volume = {139},
    url = {https://ascelibrary.org/doi/pdf/10.1061/%28ASCE%29CO.1943-7862.0000565},
    doi = {10.1061/(ASCE)CO.1943-7862.0000565.}
}

@article{Nguyen2018,
    title = {{Comparison of point cloud data and 3D CAD data for on-site dimensional inspection of industrial plant piping systems}},
    year = {2018},
    journal = {Automation in Construction},
    author = {Nguyen, Cong Hong Phong and Choi, Young},
    number = {February},
    pages = {44--52},
    volume = {91},
    publisher = {Elsevier},
    url = {https://doi.org/10.1016/j.autcon.2018.03.008},
    doi = {10.1016/j.autcon.2018.03.008},
    issn = {09265805},
    keywords = {As-built inspection, CAD-vs-scan, Distance-based deviation analysis, Geometric parameter comparison, Point cloud}
}

@article{Konig1995,
    title = {{Computing in Civil and Building Engineering}},
    year = {1995},
    journal = {the Sixth International Conference on Computing in Civil and Building Engineering},
    author = {K{\"{o}}nig, C},
    pages = {1179--1184},
    url = {y:%5CARCHIV_GEOWATT%5CPaper%5CPaper_archiviert%5CK?nig_1995_Proc_CompuCivilBuildEng_GroundwQualityAssess.PDF},
    isbn = {4047503398},
    doi = {10.1061/9780784413616.053},
    issn = {0926-5805},
    pmid = {8268356},
    arxivId = {arXiv:1011.1669v3}
}

@article{AbuDabous2017,
    title = {{Concrete bridge deck condition assessment using IR Thermography and Ground Penetrating Radar technologies}},
    year = {2017},
    journal = {Automation in Construction},
    author = {Abu Dabous, Saleh and Yaghi, Salam and Alkass, Sabah and Moselhi, Osama},
    number = {April},
    pages = {340--354},
    volume = {81},
    publisher = {Elsevier},
    url = {http://dx.doi.org/10.1016/j.autcon.2017.04.006},
    doi = {10.1016/j.autcon.2017.04.006},
    issn = {09265805},
    keywords = {ArcGIS, Bridge, Condition assessment, GPR, Infrared Thermography, Inspection}
}

@article{Gillins,
    title = {{Cost-Effective Bridge Safety Inspections Using Unmanned Aerial Vehicles ( Uavs )}},
    author = {Gillins, Matthew N}
}

@article{Gillins2016a,
    title = {{Cost-Effective Bridge Safety Inspections Using Unmanned Aircraft Systems (UAS)}},
    year = {2016},
    journal = {Geotechnical and Structural Engineering Congress 2016},
    author = {Gillins, Matthew N. and Gillins, Daniel T. and Parrish, Christopher},
    number = {August},
    pages = {1931--1940},
    url = {http://ascelibrary.org/doi/abs/10.1061/9780784479742.165%5Cnhttp://ascelibrary.org/doi/10.1061/9780784479742.165},
    isbn = {978-0-7844-7974-2},
    doi = {10.1061/9780784479742.165}
}

@inproceedings{Gillins2016,
    title = {{Cost-Effective Bridge Safety Inspections Using Unmanned Aircraft Systems (UAS)}},
    year = {2016},
    booktitle = {Geotechnical and Structural Engineering Congress 2016},
    author = {Gillins, Matthew N. and Gillins, Daniel T. and Parrish, Christopher},
    number = {Feburary 2016},
    pages = {1--10},
    publisher = {ASCE},
    url = {http://ascelibrary.org/doi/10.1061/9780784479742.165},
    address = {Phoenix, AZ},
    isbn = {9780784479742},
    doi = {10.1061/9780784479742.165}
}

@article{Mohan2017a,
    title = {{Crack detection using image processing: A critical review and analysis}},
    year = {2017},
    journal = {Alexandria Engineering Journal},
    author = {Mohan, Arun and Poobal, Sumathi},
    publisher = {Faculty of Engineering, Alexandria University},
    url = {http://linkinghub.elsevier.com/retrieve/pii/S1110016817300236},
    isbn = {1110-0168},
    doi = {10.1016/j.aej.2017.01.020},
    issn = {11100168}
}

@article{Mohan2017,
    title = {{Crack detection using image processing: A critical review and analysis}},
    year = {2017},
    journal = {Alexandria Engineering Journal},
    author = {Mohan, Arun and Poobal, Sumathi},
    publisher = {Alexandria Engineering Journal},
    url = {http://dx.doi.org/10.1016/j.aej.2017.01.020},
    isbn = {1110-0168},
    doi = {10.1016/j.aej.2017.01.020},
    issn = {11100168},
    keywords = {Crack detection, Feature extraction, Image processing, Median filter, Segmentation}
}

@article{Gopalakrishnan2017,
    title = {{Deep Convolutional Neural Networks with transfer learning for computer vision-based data-driven pavement distress detection}},
    year = {2017},
    journal = {Construction and Building Materials},
    author = {Gopalakrishnan, Kasthurirangan and Khaitan, Siddhartha K. and Choudhary, Alok and Agrawal, Ankit},
    pages = {322--330},
    volume = {157},
    publisher = {Elsevier Ltd},
    url = {https://doi.org/10.1016/j.conbuildmat.2017.09.110},
    isbn = {9781931971164 1931971161},
    doi = {10.1016/j.conbuildmat.2017.09.110},
    issn = {09500618},
    pmid = {903},
    arxivId = {1501.02876},
    keywords = {Convolutional Neural Networks, Deep learning, Digital Image, Pavement cracking, Random Forest, Transfer learning}
}

@article{Zhu2015,
    title = {{DeePM: A Deep Part-Based Model for Object Detection and Semantic Part Localization}},
    year = {2015},
    author = {Zhu, Jun and Chen, Xianjie and Yuille, Alan L.},
    pages = {1--18},
    volume = {1},
    url = {http://arxiv.org/abs/1511.07131},
    arxivId = {1511.07131}
}

@article{Zhang2013,
    title = {{Deformable part descriptors for fine-grained recognition and attribute prediction}},
    year = {2013},
    journal = {Proceedings of the IEEE International Conference on Computer Vision},
    author = {Zhang, Ning and Farrell, Ryan and Iandola, Forrest and Darrell, Trevor},
    pages = {729--736},
    isbn = {9781479928392},
    doi = {10.1109/ICCV.2013.96},
    issn = {1550-5499}
}

@article{Liu2014,
    title = {{Detection based object labeling of 3D point cloud for indoor scenes}},
    year = {2014},
    journal = {Neurocomputing},
    author = {Liu, Wei and Li, Shaozi and Cao, Donglin and Su, Songzhi and Ji, Rongrong},
    pages = {1101--1106},
    volume = {174},
    url = {http://dx.doi.org/10.1016/j.neucom.2015.10.005},
    doi = {10.1016/j.neucom.2015.10.005},
    issn = {18728286},
    keywords = {Labeling, Object detection, Point cloud, RGB-D}
}

@article{Talab2016,
    title = {{Detection crack in image using Otsu method and multiple filtering in image processing techniques}},
    year = {2016},
    journal = {Optik},
    author = {Talab, Ahmed Mahgoub Ahmed and Huang, Zhangcan and Xi, Fan and Haiming, Liu},
    number = {3},
    pages = {1030--1033},
    volume = {127},
    publisher = {Elsevier GmbH.},
    url = {http://dx.doi.org/10.1016/j.ijleo.2015.09.147},
    isbn = {1372026355},
    doi = {10.1016/j.ijleo.2015.09.147},
    issn = {00304026},
    keywords = {Crack detection, Otsu method, Sobel filter}
}

@article{Liao2016,
    title = {{Detection of rust defects on steel bridge coatings via digital image recognition}},
    year = {2016},
    journal = {Automation in Construction},
    author = {Liao, Kuo Wei and Lee, Yi Ting},
    number = {Part 2},
    pages = {294--306},
    volume = {71},
    publisher = {Elsevier B.V.},
    url = {http://dx.doi.org/10.1016/j.autcon.2016.08.008},
    doi = {10.1016/j.autcon.2016.08.008},
    issn = {09265805},
    keywords = {Color space, Digital image process, Least square support vector machine, Rust area, Steel corrosion}
}

@article{Anil2013,
    title = {{Deviation analysis method for the assessment of the quality of the as-is Building Information Models generated from point cloud data}},
    year = {2013},
    journal = {Automation in Construction},
    author = {Anil, Engin Burak and Tang, Pingbo and Akinci, Burcu and Huber, Daniel},
    pages = {507--516},
    volume = {35},
    publisher = {Elsevier B.V.},
    url = {http://dx.doi.org/10.1016/j.autcon.2013.06.003},
    isbn = {0926-5805},
    doi = {10.1016/j.autcon.2013.06.003},
    issn = {09265805},
    keywords = {As-is Building Information Modeling, BIM, Laser scanning, Point clouds, Quality assessment, Quality inspection}
}

@misc{Instron2017,
    title = {{DIC Replay | 2D Digital Image Correlation Software}},
    year = {2017},
    author = {{Instron}},
    pages = {1--4},
    url = {https://www.instron.us/}
}

@inproceedings{Kalaitzakis2019,
    title = {{Dynamic Structural Health Monitoring using a DIC-enabled drone}},
    year = {2019},
    booktitle = {2019 International Conference on Unmanned Aircraft Systems (ICUAS)},
    author = {Kalaitzakis, Michail and Kattil, Sreehari Rajan and Vitzilaios, Nikolaos and Rizos, Dimitris and Sutton, Michael},
    pages = {1--6},
    publisher = {IEEE Xplore},
    address = {Atlanta, GA}
}

@article{Grundmann2010,
    title = {{Efficient Hierarchical Graph Based Video Segmentation}},
    year = {2010},
    journal = {Proceedings of International Conference on Computer Vision (ICCV)},
    author = {Grundmann, Matthias and Kwatra, Vivek and Han, Mei and Essa, Irfan},
    pages = {2141--2148},
    isbn = {9781424469857}
}

@article{Pereira2015,
    title = {{Embedded image processing systems for automatic recognition of cracks using UAVs}},
    year = {2015},
    journal = {IFAC-PapersOnLine},
    author = {Pereira, Fábio Celestino and Pereira, Carlos Eduardo},
    number = {10},
    pages = {16--21},
    volume = {28},
    doi = {10.1016/j.ifacol.2015.08.101},
    issn = {24058963},
    keywords = {Cracks detection, Embedded system, Image processing, Unmanned Aerial Vehicle}
}

@article{Phung2017,
    title = {{Enhanced discrete particle swarm optimization path planning for UAV vision-based surface inspection}},
    year = {2017},
    journal = {Automation in Construction},
    author = {Phung, Manh Duong and Quach, Cong Hoang and Dinh, Tran Hiep and Ha, Quang},
    number = {September 2016},
    pages = {25--33},
    volume = {81},
    doi = {10.1016/j.autcon.2017.04.013},
    issn = {09265805},
    arxivId = {1706.04399},
    keywords = {Bridge inspection, Infrastructure monitoring, Particle swarm optimization, Path planning, Unmanned aerial vehicle, Vision-based inspection}
}

@article{Irizarry2016,
    title = {{Exploratory Study of Potential Applications of Unmanned Aerial Systems for Construction Management Tasks}},
    year = {2016},
    journal = {Journal of Management in Engineering},
    author = {Irizarry, J and Costa, D B},
    number = {3},
    pages = {10},
    volume = {32},
    isbn = {0742597X (ISSN)},
    doi = {10.1061/(ASCE)ME},
    issn = {0742-597X},
    pmid = {110911770},
    keywords = {Construction management, Drones, Engineering, Unmanned aerial systems (UASs), Unmanned aerial vehicles (UAV), Visual assets, inspection, uav, vehicle}
}

@article{Irzarry2016,
    title = {{Exploratory Study of Potential Applications of Unmanned Aerial Systems for Construction Management Tasks}},
    year = {2016},
    journal = {American Society of Civil Engineering},
    author = {Irzarry, Javier and Costa, Dayana Bastos},
    number = {3},
    volume = {32},
    url = {http://ascelibrary.org/doi/10.1061/9780784479827.203},
    doi = {10.1061/(ASCE)ME .1943-5479.0000422},
    keywords = {Construction management, Drones, Unmanned aerial systems (UASs), Unmanned aerial vehicles (UAV), Visual assets}
}

@article{Alvares2018,
    title = {{Exploratory study of using unmanned aerial system imagery for construction site 3D mapping}},
    year = {2018},
    journal = {Construction Innovation},
    author = {{\'{A}}lvares, Juliana Sampaio and Costa, Dayana Bastos and Melo, Roseneia Rodrigues Santos de},
    number = {3},
    pages = {301--320},
    volume = {18},
    url = {https://www.emeraldinsight.com/doi/10.1108/CI-05-2017-0049},
    doi = {10.1108/CI-05-2017-0049},
    issn = {1471-4175},
    keywords = {3D mapping, Construction management, Construction sites and buildings, Photogrammetry, UAS imagery, Unmanned aerial system (UAS)}
}

@article{GillinsDParrishCGillinsMSimpson2018,
    title = {{Eyes in the Sky: Bridge Inspections With Unmanned Aerial Vehicles}},
    year = {2018},
    author = {Gillins, D; Parrish, C; Gillins, M; Simpson, C},
    url = {https://www.oregon.gov/ODOT/Programs/ResearchDocuments/SPR787_Eyes_in_the_Sky.pdf}
}

@misc{Office2018,
    title = {{FAA Drone Registry Tops One Million}},
    year = {2018},
    booktitle = {Transportation.gov},
    author = {Office, Press},
    url = {https://www.transportation.gov/briefing-room/faa-drone-registry-tops-one-million}
}

@article{Franti2006,
    title = {{Fast agglomerative clustering using a k-nearest neighbor graph}},
    year = {2006},
    journal = {IEEE Transactions on Pattern Analysis and Machine Intelligence},
    author = {Fr{\"{a}}nti, Pasi and Virmajoki, Olli and Hautam{\"{a}}ki, Ville},
    number = {11},
    pages = {1875--1881},
    volume = {28},
    isbn = {0162-8828},
    doi = {10.1109/TPAMI.2006.227},
    issn = {01628828},
    pmid = {17063692},
    keywords = {Agglomeration, Clustering, Nearest neighbor, PNN, Vector quantization}
}

@article{Reagan2018,
    title = {{Feasibility of using digital image correlation for unmanned aerial vehicle structural health monitoring of bridges}},
    year = {2018},
    journal = {Structural Health Monitoring},
    author = {Reagan, Daniel and Sabato, Alessandro and Niezrecki, Christopher},
    number = {5},
    pages = {1056--1072},
    volume = {17},
    isbn = {9781510608238},
    doi = {10.1177/1475921717735326},
    issn = {17413168},
    keywords = {Autonomous inspection, bridge, digital image correlation, long-term monitoring, structural health monitoring, unmanned aerial vehicle}
}

@article{Seo2018,
    title = {{Field Application of UAS-Based Bridge Inspection}},
    year = {2018},
    journal = {Transportation Research Record},
    author = {Seo, Junwon and Duque, Luis and Wacker, James P.},
    isbn = {6056886476},
    doi = {10.1177/0361198118780825},
    issn = {21694052}
}

@misc{Skycatch2018,
    title = {{Flights}},
    year = {2018},
    author = {{Skycatch}},
    url = {https://www.skycatch.com/products/},
    address = {San Francisco, CA}
}

@article{Macher2017,
    title = {{From Point Clouds to Building Information Models : 3D Semi-Automatic Reconstruction of Indoors of Existing Buildings}},
    year = {2017},
    journal = {Applied Sciences},
    author = {Macher, Hélène and Landes, Tania and Grussenmeyer, Pierre},
    number = {10},
    pages = {1--30},
    volume = {7},
    url = {https://www.mdpi.com/2076-3417/7/10/1030},
    doi = {10.3390/app7101030},
    keywords = {3d reconstruction, as-built bim, assessment, automation, building indoor environments, point clouds, quality, terrestrial laser scanning, transferability}
}

@misc{SciKit-Learn2018,
    title = {{Gaussian Mixture Models}},
    year = {2018},
    author = {{SciKit-Learn}},
    url = {https://scikit-learn.org/stable/modules/mixture.html#gmm}
}

@article{Saud2011,
    title = {{Geotechnical Special Publication No. 219 {\textcopyright} ASCE 2011 73}},
    year = {2011},
    journal = {Geotechnical Special Publication No. 218 {\textcopyright} ASCE 2011},
    author = {Saud, King and Arabia, Saudi},
    number = {219},
    pages = {73--80},
    isbn = {0226043819}
}

@phdthesis{Shahnaz2010,
    title = {{Gravel Road Condition Monitoring Using Unmanned Aerial Vehicle ( UAV ) Technology}},
    year = {2010},
    booktitle = {UMI Dissertation Publishing},
    author = {Shahnaz, S.},
    number = {November},
    school = {South Dakota State University}
}

@misc{Pix4D2018,
    title = {{Ground Sampling Distance (GSD)}},
    year = {2018},
    booktitle = {Pix4D Support},
    author = {{Pix4D}},
    url = {https://support.pix4d.com/hc/en-us/articles/202559809}
}

@misc{HarconBridgeAccessServices2018,
    title = {{Harcon's Bridge Rigging}},
    year = {2018},
    author = {{Harcon Bridge Access Services}},
    url = {https://www.harconcorp.com/bridge-rigging.asp}
}

@article{Sankarasrinivasan2015,
    title = {{Health Monitoring of Civil Structures with Integrated UAV and Image Processing System}},
    year = {2015},
    journal = {Procedia Computer Science},
    author = {Sankarasrinivasan, S. and Balasubramanian, E. and Karthik, K. and Chandrasekar, U. and Gupta, Rishi},
    pages = {508--515},
    volume = {54},
    publisher = {Elsevier Masson SAS},
    url = {http://dx.doi.org/10.1016/j.procs.2015.06.058},
    isbn = {18770509},
    doi = {10.1016/j.procs.2015.06.058},
    issn = {18770509},
    keywords = {Crack detection, Efflorescence, Image processing, Structural health monitoring, UAVs}
}

@article{Adao2017,
    title = {{Hyperspectral imaging: A review on UAV-based sensors, data processing and applications for agriculture and forestry}},
    year = {2017},
    journal = {Remote Sensing},
    author = {Ad{\~{a}}o, Telmo and Hru{\v{s}}ka, Jonáš and P{\'{a}}dua, Luís and Bessa, José and Peres, Emanuel and Morais, Raul and Sousa, Joaquim João},
    number = {11},
    volume = {9},
    isbn = {2072-4292},
    doi = {10.3390/rs9111110},
    issn = {20724292},
    keywords = {Agriculture, Agroforestry, Forestry, Hyperspectral, Hyperspectral data processing, Hyperspectral sensors, UAS, UAV}
}

@article{Maguire2017,
    title = {{IDAHO TRANSPORTATION DEPARTMENT Fatigue Crack Detection Using Unmanned Aerial Systems in Under-Bridge Inspection}},
    year = {2017},
    author = {Maguire, Marc and Hoffer, Nathan V},
    number = {August},
    pages = {1--15},
    volume = {2015},
    doi = {10.1061/(ASCE)BE.1943-5592.0001291.}
}

@article{Na2017,
    title = {{Impedance-Based Non-Destructive Testing Method Combined with Unmanned Aerial Vehicle for Structural Health Monitoring of Civil Infrastructures}},
    year = {2017},
    journal = {Applied Sciences},
    author = {Na, Wongi and Baek, Jongdae},
    number = {15},
    pages = {1--9},
    volume = {7},
    url = {http://www.mdpi.com/2076-3417/7/1/15},
    doi = {10.3390/app7010015},
    issn = {2076-3417},
    keywords = {drone, non-destructive testing, piezoelectric, shm, structural health monitoring, transducer, uav, unmanned aerial vehicle}
}

@article{C.Brooks2018,
    title = {{Implementation of Unmanned Aerial Vehicles ( UAVs ) for Assessment of Transportation Infrastructure Phase II}},
    year = {2018},
    author = {{C.Brooks} and Dobson, R. and Banach, D. and Oommen, T. and Zhang, K. and Mukherjee, A. and Havens, T. and Ahlborn, T. and Escobar-Wolf, R. and Bhat, C. and Zhao, S. and Lyu, Q. and {N.Marion}}
}

@inproceedings{Kuester2018,
    title = {{Improving Disaster Resilience Through Scientific Data Collection with UAV Swarms}},
    year = {2018},
    booktitle = {Disaster Resilience Symposium},
    author = {Kuester, Falko},
    url = {https://www.nist.gov/video/nist-improving-disaster-resilience-through-scientific-data-collection-uav-swarms},
    address = {Gaithersburg}
}

@techreport{Wells2018,
    title = {{Improving the Quality of Bridge Inspections Using Unmanned Aircraft Systems (UAS)}},
    year = {2018},
    booktitle = {Minnesota Department of Transportation},
    author = {Wells, Jennifer and Lovelace, Barritt},
    number = {July},
    pages = {1--345},
    url = {http://www.dot.state.mn.us/research/reports/2018/201826.pdf},
    institution = {Minnesota Department of Transportation},
    address = {St. Paul, MN},
    keywords = {Drones, Inf, Inspection, Unmanned aircraft systems}
}

@misc{Dubner2016,
    title = {{In Praise of Maintenance}},
    year = {2016},
    booktitle = {Freakonomics},
    author = {Dubner, Stephen},
    url = {http://freakonomics.com/podcast/in-praise-of-maintenance/}
}

@article{Boue2009,
    title = {{Infrared thermography measurement of the thermal parameters (effusivity, diffusivity and conductivity) of materials}},
    year = {2009},
    journal = {Quantitative InfraRed Thermography Journal},
    author = {Bou{\'{e}}, Christine and Fournier, Danièle},
    number = {2},
    pages = {175--188},
    volume = {6},
    url = {http://www.tandfonline.com/doi/abs/10.3166/qirt.6.175-188},
    doi = {10.3166/qirt.6.175-188},
    issn = {1768-6733},
    keywords = {conductivity, diffusivity, emissivity, infrared camera}
}

@misc{Branson2014,
    title = {{Inspectors Snoop Under Bridges to Check Conditions}},
    year = {2014},
    booktitle = {Missouri Department of Transportation},
    author = {{Branson}},
    url = {http://modotblog.blogspot.com/2014/06/inspectors-snoop-under-bridges-to-check.html}
}

@article{Coupland2008,
    title = {{Journal of Food Engineering}},
    year = {2008},
    author = {Coupland, John N},
    pages = {330--335},
    volume = {89},
    doi = {10.1016/j.jfoodeng.2008.05.012}
}

@article{Chiu2017,
    title = {{Large Structures Monitoring Using Unmanned Aerial Vehicles}},
    year = {2017},
    journal = {Procedia Engineering},
    author = {Chiu, W. K. and Ong, W. H. and Kuen, T. and Courtney, F.},
    number = {i},
    pages = {415--423},
    volume = {188},
    publisher = {The Author(s)},
    url = {http://dx.doi.org/10.1016/j.proeng.2017.04.503},
    doi = {10.1016/j.proeng.2017.04.503},
    issn = {18777058},
    keywords = {Structural health monitoring, photogrammetry, unmanned aerial vehicles}
}

@misc{Bently2017,
    title = {{LEAP Bridge}},
    year = {2017},
    author = {{Bently}},
    address = {Exton, PA}
}

@article{Cawood2017,
    title = {{LiDAR, UAV or compass-clinometer? Accuracy, coverage and the effects on structural models}},
    year = {2017},
    journal = {Journal of Structural Geology},
    author = {Cawood, Adam J. and Bond, Clare E. and Howell, John A. and Butler, Robert W.H. and Totake, Yukitsugu},
    pages = {67--82},
    volume = {98},
    publisher = {Elsevier Ltd},
    url = {http://dx.doi.org/10.1016/j.jsg.2017.04.004},
    doi = {10.1016/j.jsg.2017.04.004},
    issn = {01918141},
    keywords = {LiDAR, Structural model, Structure from motion, UAV, Virtual outcrop}
}

@article{Liu2011,
    title = {{LiDAR-based bridge structure defect detection}},
    year = {2011},
    journal = {Experimental Techniques},
    author = {Liu, W. and Chen, S. and Hauser, E.},
    number = {6},
    pages = {27--34},
    volume = {35},
    isbn = {1747-1567},
    doi = {10.1111/j.1747-1567.2010.00644.x},
    issn = {07328818}
}

@article{Roca2014,
    title = {{LIDAR-equipped UAV for building information modelling}},
    year = {2014},
    journal = {International Archives of the Photogrammetry, Remote Sensing and Spatial Information Sciences - ISPRS Archives},
    author = {Roca, D. and Armesto, J. and Laguela, S. and Diaz-Vilarino, L.},
    number = {5},
    pages = {523--527},
    volume = {40},
    doi = {10.5194/isprsarchives-XL-5-523-2014},
    issn = {16821750},
    keywords = {BIM, Buildings, GPS, Lidar, Point clouds, Uav}
}

@article{Costa2018,
    title = {{Literature Review on Visual Construction Progress Monitoring Using Unmanned Aerial Vehicles}},
    year = {2018},
    author = {Costa, Dayana B},
    pages = {669--680},
    keywords = {construction progress monitoring, systems, unmanned aerial vehicles, visual data}
}

@article{Roca2013,
    title = {{Low-cost aerial unit for outdoor inspection of building fa{\c{c}}ades}},
    year = {2013},
    journal = {Automation in Construction},
    author = {Roca, D. and Lag{\"{u}}ela, S. and D{\'{i}}az-Vilari{\~{n}}o, L. and Armesto, J. and Arias, P.},
    pages = {128--135},
    volume = {36},
    publisher = {Elsevier B.V.},
    url = {http://dx.doi.org/10.1016/j.autcon.2013.08.020},
    isbn = {0926-5805},
    doi = {10.1016/j.autcon.2013.08.020},
    issn = {09265805},
    keywords = {3D modeling, Building envelope, Building openings, Scanning sensors, UAV}
}

@article{Lowe2004,
    title = {{Lowe2004-Distinctive{\_}Image{\_}Features{\_}from{\_}Scale-Invariant{\_}Keypoints.pdf}},
    year = {2004},
    author = {Lowe, David G},
    pages = {1--28},
    isbn = {1568811012},
    doi = {http://dx.doi.org/10.1023/B:VISI.0000029664.99615.94},
    issn = {0920-5691},
    pmid = {20064111},
    arxivId = {cs/0112017}
}

@misc{Video2019b,
    title = {{Matrice}},
    year = {2019},
    author = {{B {\textbackslash}{\&} H Photo and Video}},
    url = {https://static.bhphoto.com/images/images1000x1000/1479120343_1297339.jpg}
}

@misc{DJI2018,
    title = {{Matrice 600 Pro Specs}},
    year = {2018},
    booktitle = {Matrice 600 Pro Specs},
    author = {{DJI}},
    url = {https://www.dji.com/matrice600-pro/info#specs}
}

@article{Zingg2010,
    title = {{MAV navigation through indoor corridors using optical flow}},
    year = {2010},
    journal = {Proceedings - IEEE International Conference on Robotics and Automation},
    author = {Zingg, Simon and Scaramuzza, Davide and Weiss, Stephan and Siegwart, Roland},
    pages = {3361--3368},
    isbn = {9781424450381},
    doi = {10.1109/ROBOT.2010.5509777},
    issn = {10504729}
}

@misc{Video2019a,
    title = {{Mavic}},
    year = {2019},
    author = {Video, B \& H Photo and},
    url = {https://static.bhphoto.com/images/images1000x1000/1535023310_1430448.jpg}
}

@techreport{Mulakala2018,
    title = {{Measurement Accuracy of the DJI Phantom 4 RTK {\&} Photogrammetry}},
    year = {2018},
    author = {Mulakala, Jay},
    pages = {1--18},
    url = {https://docs.djicdn.com/DJI+Enterprise/measurement-accuracy-dji-phantom-4-rtk-whitepaper-f.pdf},
    institution = {DroneDeploy},
    address = {San Francisco, CA}
}

@article{Cignoni2008,
    title = {{MeshLab: an Open-Source Mesh Processing Tool}},
    year = {2008},
    journal = {Sixth Eurographics Italian Chapter Conference},
    author = {Cignoni, P and Cignoni, P and Callieri, M and Callieri, M and Corsini, M and Corsini, M and Dellepiane, M and Dellepiane, M and Ganovelli, F and Ganovelli, F and Ranzuglia, Guido and Ranzuglia, Guido},
    pages = {129--136},
    isbn = {3905673681},
    doi = {10.2312/LocalChapterEvents/ItalChap/ItalianChapConf2008/129-136}
}

@article{Huidrom2013,
    title = {{Method for Automated Assessment of Potholes, Cracks and Patches from Road Surface Video Clips}},
    year = {2013},
    journal = {Procedia - Social and Behavioral Sciences},
    author = {Huidrom, Lokeshwor and Das, Lalit Kumar and Sud, S.K.},
    pages = {312--321},
    volume = {104},
    publisher = {Elsevier B.V.},
    url = {http://linkinghub.elsevier.com/retrieve/pii/S1877042813045151},
    isbn = {1877-0428},
    doi = {10.1016/j.sbspro.2013.11.124},
    issn = {18770428},
    keywords = {adaptive thresholding, automated distress assessment, image processing, visual properties extraction}
}

@misc{Microsoft2018,
    title = {{Microsoft Visual Studio 15}},
    year = {2018},
    author = {{Microsoft}},
    address = {Redman, WA}
}

@article{Lin2011,
    title = {{Mini-UAV-borne LIDAR for fine-scale mapping}},
    year = {2011},
    journal = {IEEE Geoscience and Remote Sensing Letters},
    author = {Lin, Yi and Hyypp{\"{a}}, Juha and Jaakkola, Anttoni},
    number = {3},
    pages = {426--430},
    volume = {8},
    isbn = {1545-598X VO - 8},
    doi = {10.1109/LGRS.2010.2079913},
    issn = {1545598X},
    keywords = {Fine scale, light detection and ranging (LIDAR), mapping, mini-unmanned aerial vehicle (UAV)}
}

@article{Hausamann2005,
    title = {{Monitoring of gas pipelines – a civil UAV application}},
    year = {2005},
    journal = {Aircraft Engineering and Aerospace Technology},
    author = {Hausamann, Dieter and Zirnig, Werner and Schreier, Gunter and Strobl, Peter},
    number = {5},
    pages = {352--360},
    volume = {77},
    url = {http://www.emeraldinsight.com/doi/10.1108/00022660510617077 https://doi.org/10.1108/00022660510617077},
    isbn = {0002-2667},
    doi = {10.1108/00022660510617077},
    issn = {0002-2667}
}

@article{Journal2018,
    title = {{Multi-Hazard Assessment of Rc Bridges Using Unmanned Aerial Vehicle-Based Measurements}},
    year = {2018},
    author = {Journal, T H E Baltic},
    number = {3},
    pages = {192--208},
    volume = {13},
    keywords = {bridge, earthquake, multi-hazard performance, scour monitoring, uav, unmanned aerial vehicle}
}

@article{Jancosek2011,
    title = {{Multi-view reconstruction preserving weakly-supported surfaces}},
    year = {2011},
    journal = {Proceedings of the IEEE Computer Society Conference on Computer Vision and Pattern Recognition},
    author = {Jancosek, Michal and Pajdla, Tomas},
    pages = {3121--3128},
    isbn = {9781457703942},
    doi = {10.1109/CVPR.2011.5995693},
    issn = {10636919},
    pmid = {11129697},
    arxivId = {z0024}
}

@article{Wu2011,
    title = {{Multicore bundle adjustment (mcba)}},
    year = {2011},
    journal = {IEEE Conference on Computer Vision and Pattern Recognition (CVPR)},
    author = {Wu, Changchang and Agarwal, Sameer and Curless, Brian and Seitz, Stevan M},
    number = {1},
    pages = {5--7},
    url = {http://grail.cs.}
}

@article{Li2018,
    title = {{Multiple Object Detection by a Deformable Part-Based Model and an R-CNN}},
    year = {2018},
    journal = {IEEE Signal Processing Letters},
    author = {Li, Junliang and Wong, Hon Cheng and Lo, Sio Long and Xin, Yuchen},
    number = {2},
    pages = {288--292},
    volume = {25},
    doi = {10.1109/LSP.2017.2789325},
    issn = {10709908},
    keywords = {Deformable part-based model (DPM), multiple object detection, region-based convolutional network (R-CNN)}
}

@misc{FederalHighwayAdministration,
    title = {{National Bridge Inventory}},
    author = {{Federal Highway Administration}},
    url = {https://www.fhwa.dot.gov/bridge/nbi.cfm}
}

@article{Matsumoto2015,
    title = {{NDE for Bridge Assessment using Image Processing and Infrared Thermography}},
    year = {2015},
    journal = {Transportation Research Board 94th Annual Meeting},
    author = {Matsumoto, Masato and Mitani, Koji and Catbas, F. Necati},
    pages = {10}
}

@inproceedings{Lowe1999,
    title = {{Object recognition from local scale-invariant features}},
    year = {1999},
    booktitle = {Proceedings of the Seventh IEEE International Conference on Computer Vision},
    author = {Lowe, D.G.},
    pages = {1--8},
    publisher = {IEEE},
    url = {http://ieeexplore.ieee.org/document/790410/},
    address = {Kerkyra, Greece},
    isbn = {0-7695-0164-8},
    doi = {10.1109/ICCV.1999.790410},
    issn = {0-7695-0164-8},
    pmid = {15806121},
    arxivId = {cs/0112017}
}

@article{Zhou2018,
    title = {{Open3D : A Modern Library for 3D Data Processing}},
    year = {2018},
    author = {Zhou, Qian-yi and Park, Jaesik and Koltun, Vladlen},
    url = {https://arxiv.org/abs/1801.09847v1},
    arxivId = {arXiv:1801.09847v1}
}

@phdthesis{Hernandez2016,
    title = {{Overcoming the Challenges of Using Unmanned Aircraft for Bridge Inspections}},
    year = {2016},
    booktitle = {ProQuest},
    author = {Hernandez, I.},
    school = {University of Missouri-Kansas City}
}

@article{Zhang2014,
    title = {{Part-Based R-CNNs for Fine-Grained Category Detection}},
    year = {2014},
    journal = {ECCV 2014},
    author = {Zhang, Ning and Donahue, Jeff and Girshick, Ross and Darrell, Trevor},
    pages = {834--849},
    volume = {1},
    keywords = {convolutional, fine-grained recognition, object detection}
}

@article{Radopoulou2015,
    title = {{Patch detection for pavement assessment}},
    year = {2015},
    journal = {Automation in Construction},
    author = {Radopoulou, Stefania C. and Brilakis, Ioannis},
    pages = {95--104},
    volume = {53},
    publisher = {Elsevier B.V.},
    url = {http://dx.doi.org/10.1016/j.autcon.2015.03.010},
    doi = {10.1016/j.autcon.2015.03.010},
    issn = {09265805},
    keywords = {Automatic detection, Detection, Image processing, Patch, Pavement assessment, Pavement defect}
}

@article{Kijewski-Correa2013a,
    title = {{Performance of Tall Buildings in Urban Zones : Lessons Learned from a Decade of Full-Scale Monitoring}},
    year = {2013},
    journal = {International Journal of High-Rise Buildings},
    author = {Kijewski-Correa, Tracy and Kareem, Ahsan and Guo, Y. L. and Bashor, Rachel and Weigand, T.},
    number = {3},
    pages = {179--192},
    volume = {2},
    keywords = {damping, finite element models, frequency, full-scale monitoring, tall buildings, wind tunnel prediction}
}

@misc{Video2019,
    title = {{Phantom}},
    year = {2019},
    author = {Video, B \& H Photo and},
    url = {https://static.bhphoto.com/images/images1000x1000/1479219684_1298124.jpg}
}

@article{Chan,
    title = {{Photogrammetric Modelling for Bridge Inspection and Remediation}},
    author = {Chan, Brodie Y M and Saul, Ian J and Pettigrew, Tim J and Anstice, Daniel J},
    pages = {1--14},
    keywords = {bridge condition assessment, photogrammetric modelling, remediation}
}

@misc{Pix4D2019,
    title = {{Pix4DCapture}},
    year = {2019},
    author = {{Pix4D}},
    url = {https://www.pix4d.com/product/pix4dcapture}
}

@inproceedings{Leal2006,
    title = {{Point Cloud Denoising Using Robust Principal Component Analysis}},
    year = {2006},
    author = {Leal, Esmeide and Leal, Nallig},
    number = {January 2006},
    url = {https://www.researchgate.net/publication/220869008%0D},
    keywords = {PCA, Point Cloud Denoising, Robust Estimation, Shrinkage, Smoothing.}
}

@article{Teng2010,
    title = {{Point cloud segmentation through spectral clustering}},
    year = {2010},
    journal = {2nd International Conference on Information Science and Engineering, ICISE2010 - Proceedings},
    author = {Teng, Ma and Zhuangzhi, Wu and Lu, Feng and Pei, Luo and Xiang, Long},
    isbn = {9781424480968},
    doi = {10.1109/ICISE.2010.5690596},
    keywords = {Graph laplacian, K-means clustering, Point cloud segmentation, Spectral clustering}
}

@inproceedings{Antova2016,
    title = {{Point clouds in BIM}},
    year = {2016},
    booktitle = {World Multidisciplinary Earth Sciences Symposium 2016},
    author = {Antova, Gergana and Kunchev, Ivan and Mickrenska-Cherneva, Christina},
    url = {http://iopscience.iop.org/article/10.1088/1755-1315/44/4/042034/pdf},
    address = {Prague},
    doi = {10.1088/1755-1315/44/4/042034}
}

@article{Ying2015,
    title = {{Point Cluster Analysis Using a 3D Voronoi Diagram with Applications in Point Cloud Segmentation}},
    year = {2015},
    journal = {ISPRS International Journal of Geo-Information},
    author = {Ying, Shen and Xu, Guang and Li, Chengpeng and Mao, Zhengyuan},
    number = {3},
    pages = {1480--1499},
    volume = {4},
    url = {http://www.mdpi.com/2220-9964/4/3/1480/},
    isbn = {10.3390/ijgi4031480},
    doi = {10.3390/ijgi4031480},
    issn = {2220-9964},
    arxivId = {arXiv:0904.4859v1},
    keywords = {3D Voronoi diagram, point cloud segmentation, spatial cluster}
}

@article{Kazhdan2006,
    title = {{Poisson surface reconstruction}},
    year = {2006},
    journal = {Eurographics Symposium on Geometry Processing},
    author = {Kazhdan, Michael and Bolitho, Mathew and Hoppe, Hugues},
    pages = {1--10},
    url = {http://dl.acm.org/citation.cfm?doid=2487228.2487237},
    isbn = {0730-0301},
    doi = {10.1145/2487228.2487237},
    issn = {07300301},
    pmid = {15096211},
    arxivId = {1006.4903}
}

@article{Kim2016,
    title = {{Potential Factors Influencing the Performance of Unmanned Aerial System (UAS) Integrated Safety Control for Construction Worksites}},
    year = {2016},
    journal = {Construction Research Congress},
    author = {Kim, Sungjin and Irizarry, Javier and Costa, Dayana Bastos},
    pages = {2614--2623},
    url = {http://ascelibrary.org/doi/10.1061/9780784479827.203},
    isbn = {0780381424},
    doi = {10.1061/9780784479827.203},
    issn = {03624331}
}

@article{Jengo2005,
    title = {{Pothole Detection and Road Condition Assessment Using Hyperspectral Imagery}},
    year = {2005},
    journal = {Proceedings of the American Society for Photogrammetry {\&} Remote Sensing (ASPRS) 2005 Annual Conference},
    author = {Jengo, Christopher M and Engineer, Senior Consulting and Way, Airmotive and Curtis, Ivan},
    pages = {7--11}
}

@misc{PrecisionHawk2018,
    title = {{Precision Flight}},
    year = {2018},
    author = {{PrecisionHawk}},
    address = {Raleigh, NC}
}

@article{Rimkus2015,
    title = {{Processing Digital Images for Crack Localization in Reinforced Concrete Members}},
    year = {2015},
    journal = {Procedia Engineering},
    author = {Rimkus, Arvydas and Podviezko, Askoldas and Gribniak, Viktor},
    number = {Orsdce},
    pages = {239--243},
    volume = {122},
    publisher = {Elsevier B.V.},
    url = {http://dx.doi.org/10.1016/j.proeng.2015.10.031},
    doi = {10.1016/j.proeng.2015.10.031},
    issn = {18777058},
    keywords = {Reinforced concrete, clustering, computer-assisted, cracking, digital image pocessing}
}

@article{Tong2017,
    title = {{Recognition, location, measurement, and 3D reconstruction of concealed cracks using convolutional neural networks}},
    year = {2017},
    journal = {Construction and Building Materials},
    author = {Tong, Zheng and Gao, Jie and Zhang, Haitao},
    pages = {775--787},
    volume = {146},
    publisher = {Elsevier Ltd},
    url = {http://dx.doi.org/10.1016/j.conbuildmat.2017.04.097},
    doi = {10.1016/j.conbuildmat.2017.04.097},
    issn = {09500618},
    keywords = {Asphalt pavement, Concealed cracks, Convolutional neural networks (CNNs), Ground penetrating radar (GPR), Image measurement}
}

@techreport{Moore2001,
    title = {{Reliability of Visual Inspection for Highway Bridges}},
    year = {2001},
    booktitle = {FHWA},
    author = {Moore, Mark and Phares, Brent and Graybeal, Benjamin and Rolander, Dennis and Washer, Glenn},
    number = {FHWA-RD-01-020},
    pages = {516},
    url = {http://www.tfhrc.gov/hnr20/nde/01020.htm},
    institution = {FHWA},
    address = {Atlanta, GA},
    isbn = {FHWA-RD-01-020},
    arxivId = {FHWA-RD-01-105},
    keywords = {Bridges, Condition Ratings., Delamination Survey, In-Depth Inspection, NBIS, Routine Inspection}
}

@article{Omar2017,
    title = {{Remote sensing of concrete bridge decks using unmanned aerial vehicle infrared thermography}},
    year = {2017},
    journal = {Automation in Construction},
    author = {Omar, Tarek and Nehdi, Moncef L.},
    number = {April},
    pages = {360--371},
    volume = {83},
    publisher = {Elsevier},
    url = {http://dx.doi.org/10.1016/j.autcon.2017.06.024},
    doi = {10.1016/j.autcon.2017.06.024},
    issn = {09265805},
    keywords = {Bridge deck, Condition map, Delamination, Infrared thermography, K-means clustering, Mosaic thermogram, Remote sensing, Thresholds, Unmanned aerial vehicle}
}

@misc{Autodesk2018,
    title = {{Revit}},
    year = {2018},
    author = {{Autodesk}},
    address = {San Rafael, CA}
}

@article{Girshick2014,
    title = {{Rich feature hierarchies for accurate object detection and semantic segmentation}},
    year = {2014},
    journal = {Proceedings of the IEEE Computer Society Conference on Computer Vision and Pattern Recognition},
    author = {Girshick, Ross and Donahue, Jeff and Darrell, Trevor and Malik, Jitendra},
    pages = {580--587},
    isbn = {9781479951178},
    doi = {10.1109/CVPR.2014.81},
    issn = {10636919},
    pmid = {26656583},
    arxivId = {1311.2524}
}

@article{Mohammadi2012,
    title = {{Road classification and condition determination using hyperpsectral imagery}},
    year = {2012},
    journal = {International Archives of the Photogrammetry, Remote Sensing and Spatial Information Sciences, Volume XXXIX-B7, 2012 XXII ISPRS Congress,},
    author = {Mohammadi, M},
    number = {September},
    pages = {141--146},
    volume = {XXXIX},
    doi = {10.5194/isprsarchives-XXXIX-B7-141-2012},
    issn = {1682-1777},
    keywords = {alk vector data, classification, condition, hyperspectral, urban}
}

@article{Herold2004,
    title = {{Road Condition Mapping Using Hyperspectral Remote Sensing}},
    year = {2004},
    journal = {Proceedings of the 2004 AVIRIS workshop},
    author = {Herold, Martin and Roberts, Dar and Smadi, Omar and Noronha, Val}
}

@article{Murphy2011,
    title = {{Robot-assisted bridge inspection}},
    year = {2011},
    journal = {Journal of Intelligent and Robotic Systems: Theory and Applications},
    author = {Murphy, Robin R. and Steimle, Eric and Hall, Michael and Lindemuth, Michael and Trejo, David and Hurlebaus, Stefan and Medina-Cetina, Zenon and Slocum, Daryl},
    number = {1},
    pages = {77--95},
    volume = {64},
    isbn = {9781424456291},
    doi = {10.1007/s10846-010-9514-8},
    issn = {09210296},
    keywords = {Security and rescue robots, Underwater unmanned vehicles}
}

@article{Murphy2009,
    title = {{Robot-assisted bridge inspection after Hurricane Ike}},
    year = {2009},
    journal = {2009 IEEE International Workshop on Safety, Security and Rescue Robotics, SSRR 2009},
    author = {Murphy, Robin R. and Steimle, Eric and Hall, Michael and Lindemuth, Michael and Trejo, David and Hurlebaus, Stefan and Medina-Cetina, Zenon and Slocum, Daryl},
    isbn = {9781424456291},
    doi = {10.1109/SSRR.2009.5424144},
    issn = {2374-3247},
    keywords = {Autonomous surface vehicle, Rescue robotics, Unmanned marine vehicles, Unmanned underwater vehicle}
}

@article{Maalek2018,
    title = {{Robust Segmentation of Planar and Linear Features of Terrestrial Laser Scanner Point Clouds Acquired from Construction Sites}},
    year = {2018},
    journal = {Sensors},
    author = {Maalek, Reza and Lichti, Derek D and Ruwanpura, Janaka Y},
    number = {8},
    pages = {1--30},
    volume = {18},
    url = {https://www.ncbi.nlm.nih.gov/pmc/articles/PMC5876591/pdf/sensors-18-00819.pdf},
    isbn = {1403702306},
    doi = {10.3390/s18030819},
    keywords = {lidar point clouds, mcd, minimum covariance determinant, pca, robust planar and linear, robust principal components analysis, robust statistics, segmentation, tls}
}

@misc{Spray2015,
    title = {{Rope Access Surveys}},
    year = {2015},
    booktitle = {Stuart Spray Wildlife Consultancy},
    author = {Spray, Stuart},
    url = {http://www.stuartspraywildlife.co.uk/rope-access-surveys/}
}

@article{Lin2018,
    title = {{Scale invariant point feature (SIPF) for 3D point clouds and 3D multi-scale object detection}},
    year = {2018},
    journal = {Neural Computing and Applications},
    author = {Lin, Baowei and Wang, Fasheng and Zhao, Fangda and Sun, Yi},
    number = {5},
    pages = {1209--1224},
    volume = {29},
    publisher = {Springer London},
    url = {https://doi.org/10.1007/s00521-017-2964-1},
    doi = {10.1007/s00521-017-2964-1},
    issn = {09410643},
    keywords = {3D feature descriptor, 3D object detection, Keypoints detector, Point cloud, VR}
}

@article{Pedregosa2011,
    title = {{Scikit-learn: Machine Learning in Python}},
    year = {2011},
    journal = {Journal of Machine Learning Research},
    author = {Pedregosa, Fabian and Varoquaux, Gael and Gramfort, Alexandre and Michel, Vincent and Thirion, Bertrand and Grisel, Olivier and Blondel, Mathieu and Prettenhfer, Peter and Dubourg, Vincent and Vanderplas, Jake and Passos, Alexandre and Cournapeau, David and Brucher, Matthieu and Perrot, Matthieu and Duchesnay, Edouard},
    pages = {2825--2830},
    volume = {12},
    url = {http://scikit-learn.sourceforge.net.},
    isbn = {1532-4435},
    doi = {10.1007/s13398-014-0173-7.2},
    issn = {15324435},
    pmid = {1000044560},
    arxivId = {1201.0490},
    keywords = {Python, model selection, supervised learning, unsupervised learning}
}

@article{Kazhdan2013,
    title = {{Screened poisson surface reconstruction}},
    year = {2013},
    journal = {ACM Transactions on Graphics},
    author = {Kazhdan, Michael and Hoppe, Hugues},
    number = {3},
    pages = {1--13},
    volume = {32},
    url = {http://dl.acm.org/citation.cfm?doid=2487228.2487237},
    isbn = {0730-0301},
    doi = {10.1145/2487228.2487237},
    issn = {07300301},
    pmid = {15096211},
    arxivId = {1006.4903}
}

@article{Hall2015,
    title = {{Selecting the optimal 3D remote sensing technology for the mapping, monitoring and management of steep rock slopes along transportation corridors}},
    year = {2015},
    journal = {TRB 2015 Annual Meeting},
    author = {Hall, Miller and Wing, Bruce and On, Kingston and Hall, Miller and Wing, Bruce and On, Kingston},
    pages = {1--15}
}

@article{Kijewski-Correa2013,
    title = {{Smartsync: An integrated real-time structural health monitoring and structural identification system for tall buildings}},
    year = {2013},
    journal = {Journal of Structural {\ldots}},
    author = {Kijewski-Correa, T. and Kwon, D. K. and Kareem, Ahsan and Bentz, Audrey and Guo, Yanlin and Bobby, Sarah and Abdelrazaq, Ahmad},
    number = {10},
    pages = {1675--1687},
    volume = {139},
    url = {http://ascelibrary.org/doi/abs/10.1061/(ASCE)ST.1943-541X.0000560},
    doi = {10.1061/(ASCE)ST.1943-541X.0000560.},
    issn = {0733-9445}
}

@article{Schoenberger2014,
    title = {{Structure-from-motion for MAV image sequence analysis with photogrammetric applications}},
    year = {2014},
    journal = {International Archives of the Photogrammetry, Remote Sensing and Spatial Information Sciences - ISPRS Archives},
    author = {Schoenberger, Johannes L. and Fraundorfer, Friedrich and Frahm, Jan Michael},
    number = {3},
    pages = {305--312},
    volume = {40},
    doi = {10.5194/isprsarchives-XL-3-305-2014},
    issn = {16821750},
    keywords = {3D reconstruction, Close-range, Image sequences, Low-resolution, MAV, Structure-from-motion}
}

@article{Schoenberger2016,
    title = {{Structure-from-Motion Revisited}},
    year = {2016},
    journal = {Conference on Computer Vision and Pattern Recognition (CVPR)},
    author = {Schoenberger, Johannes L. and Frahm, Jan-Michael},
    isbn = {978-1-4673-8851-1},
    doi = {10.1109/CVPR.2016.445},
    issn = {10636919}
}

@article{Wells2017a,
    title = {{TECHNICAL MnDOT Improves on Award-Winning Use of Drones for Bridge Inspection}},
    year = {2017},
    author = {Wells, Jennifer and Holdhusen, Bruce and Wells, Jennifer},
    number = {August},
    keywords = {NBIS, National Bridge Inspection Standards, UAS, UAV, bridges, drone aircraft, inspection, photogrammetry, remotely piloted aircraft, safety, structural health monitoring, thermal imaging, unmanned aerial vehicle, unmanned aircraft system}
}

@misc{Trimble2018,
    title = {{Tekla Structures}},
    year = {2018},
    author = {{Trimble}},
    address = {Kennesaw, GA}
}

@article{Xizhi2008,
    title = {{The Application of Wavelet Transform in Digital Image Processing}},
    year = {2008},
    journal = {2008 International Conference on MultiMedia and Information Technology},
    author = {Xizhi, Zhu},
    pages = {326--329},
    url = {http://ieeexplore.ieee.org/document/5089125/},
    isbn = {978-0-7695-3556-2},
    doi = {10.1109/MMIT.2008.134},
    keywords = {-digital image, de-nosing, edge detection, edge of the image, effects of de-noising, in the domain of, it would affect the, multi-scale, the wavelet transform a, wavelet transform}
}

@misc{Bradski2000,
    title = {{The OpenCV Library}},
    year = {2000},
    author = {Bradski, Gary},
    publisher = {Dr. Dobb's Journal of Software Tools},
    doi = {2236121}
}

@article{Yu2015,
    title = {{Three-dimensional object matching in mobile laser scanning point clouds}},
    year = {2015},
    journal = {IEEE Geoscience and Remote Sensing Letters},
    author = {Yu, Yongtao and Li, Jonathan and Guan, Haiyan and Jia, Fukai and Wang, Cheng},
    number = {3},
    pages = {492--496},
    volume = {12},
    doi = {10.1109/LGRS.2014.2347347},
    issn = {1545598X},
    keywords = {3-D object detection, 3-D object matching, Mobile laser scanning (MLS), object classification, point cloud}
}

@article{Cheng2015,
    title = {{Three-Dimensional Reconstruction of Large Multilayer Interchange Bridge Using Airborne LiDAR Data}},
    year = {2015},
    author = {Cheng, Liang and Wu, Yang and Wang, Yu and Zhong, Lishan and Chen, Yanming and Li, Manchun},
    number = {2},
    pages = {691--708},
    volume = {8}
}

@article{Wu2013,
    title = {{Towards linear-time incremental structure from motion}},
    year = {2013},
    journal = {Proceedings - 2013 International Conference on 3D Vision, 3DV 2013},
    author = {Wu, Changchang},
    pages = {127--134},
    isbn = {9780769550671},
    doi = {10.1109/3DV.2013.25},
    issn = {9780769550671},
    keywords = {Structure from Motion, VisualSFM}
}

@article{Brooks2017,
    title = {{Transportation Infrastructure Assessment Through the Use of Unmanned Aerial Vehicles}},
    year = {2017},
    journal = {Transportation Research Board, 96th Annual Meeting},
    author = {Brooks, Colin and Dobson, Richard and Banach, David and Cook, Steven J and Arbor, Ann and Field, Operations and Division, Services},
    volume = {602}
}

@article{Uavs,
    title = {{Transportation Research Record A STREAMLINED BRIDGE INSPECTION SYSTEM UTILIZING UNMANNED AERIAL}},
    author = {Uavs, Vehicles}
}

@article{Duque2017,
    title = {{UAV – BASED BRIDGE INSPECTION AND COMPUTATIONAL SIMULATIONS BY LUIS DUQUE A thesis submitted in partial fulfillment of the requirements for Master of Science Major in Civil Engineering South Dakota State University}},
    year = {2017},
    author = {Duque, LUIS}
}

@article{Bang2017,
    title = {{UAV-based automatic generation of high-resolution panorama at a construction site with a focus on preprocessing for image stitching}},
    year = {2017},
    journal = {Automation in Construction},
    author = {Bang, Seongdeok and Kim, Hongjo and Kim, Hyoungkwan},
    number = {August},
    pages = {70--80},
    volume = {84},
    publisher = {Elsevier},
    url = {http://dx.doi.org/10.1016/j.autcon.2017.08.031},
    isbn = {09265805},
    doi = {10.1016/j.autcon.2017.08.031},
    issn = {09265805},
    keywords = {Construction site monitoring, Image preprocessing, Image stitching, UAV}
}

@article{Duque2017a,
    title = {{UAV-Based Bridge Inspection and Computational Simulations}},
    year = {2017},
    author = {Duque, Luis},
    url = {http://search.proquest.com/openview/1a67917659f2aa81435eb2abd9351ce0/1?pq-origsite=gscholar&cbl=18750&diss=y}
}

@article{Barmpounakis2016,
    title = {{Unmanned Aerial Aircraft Systems for transportation engineering: Current practice and future challenges}},
    year = {2016},
    journal = {International Journal of Transportation Science and Technology},
    author = {Barmpounakis, Emmanouil N. and Vlahogianni, Eleni I. and Golias, John C.},
    number = {3},
    pages = {111--122},
    volume = {5},
    publisher = {Tongji University and Tongji University Press},
    url = {http://linkinghub.elsevier.com/retrieve/pii/S2046043016300533},
    doi = {10.1016/j.ijtst.2017.02.001},
    issn = {20460430},
    keywords = {unmanned aerial vehicles}
}

@article{Escobar-Wolf2018,
    title = {{Unmanned Aerial Vehicle (UAV)-Based Assessment of Concrete Bridge Deck Delamination Using Thermal and Visible Camera Sensors: A Preliminary Analysis}},
    year = {2018},
    journal = {Research in Nondestructive Evaluation},
    author = {Escobar-Wolf, Rüdiger and Oommen, Thomas and Brooks, Colin N. and Dobson, Richard J. and Ahlborn, Theresa M.},
    number = {4},
    pages = {183--198},
    volume = {29},
    doi = {10.1080/09349847.2017.1304597},
    issn = {14322110},
    keywords = {Bridge-deck, UAV, delamination, infrared, visible}
}

@article{Lovelace2015,
    title = {{Unmanned Aerial Vehicle Bridge Inspection Demonstration Project}},
    year = {2015},
    author = {Lovelace, Barritt},
    number = {July},
    pages = {214},
    url = {http://www.dot.state.mn.us/research/TS/2015/201540.pdf},
    isbn = {02728842},
    doi = {10.1016/j.ceramint.2011.07.049},
    issn = {02728842},
    keywords = {Bridges, Safety, Structural health monitoring, Ins}
}

@phdthesis{Reagan2017,
    title = {{Unmanned Aerial Vehicle Measurement using Three'Dimensional Digital Image Correlation to Perform Bridge Structural Health Monitoring}},
    year = {2017},
    booktitle = {ProQuest},
    author = {Reagan, D.},
    school = {University of Massachuestts Lowell},
    isbn = {9789089941268}
}

@article{Deng2014,
    title = {{Unmanned aerial vehicles for power line inspection: A cooperative way in platforms and communications}},
    year = {2014},
    journal = {Journal of Communications},
    author = {Deng, Chuang and Wang, Shengwei and Huang, Zhi and Tan, Zhongfu and Liu, Junyong},
    number = {9},
    pages = {687--692},
    volume = {9},
    url = {http://www.jocm.us/uploadfile/2014/0918/20140918110959273.pdf},
    isbn = {5219951300},
    doi = {10.12720/jcm.9.9.687-692},
    issn = {17962021},
    keywords = {Communication relay, Datalink, Fixed wing, Hexrotor, Power line inspection, Tethered rotor, UAV}
}

@article{Wells2017,
    title = {{Unmanned Aircraft System Bridge Inspection Demonstration Project Phase II Report No. MN/RC 2017-18}},
    year = {2017},
    author = {Wells, Jennifer and Lovelace, Barritt},
    number = {June},
    pages = {1--174},
    url = {https://ntl.bts.gov/lib/62000/62300/62304/201718.pdf}
}

@article{McGuire2014,
    title = {{Using Building Information Modeling to Track and Assess the Structural Condition of Bridges}},
    year = {2014},
    journal = {Degree of Master in Science, Colorado State University},
    author = {McGuire, Brendan Michael},
    pages = {1--554},
    keywords = {BIM, BrIM, Bridge Inspectio, Bridges, Management}
}

@article{Huether2017,
    title = {{USING INFRARED THERMOGRAPHY FOR NON- DESTRUCTIVE EVALUATION ( NDE ) OF BRIDGES WHY DO WE NEED NDE FOR BRIDGES ?}},
    year = {2017},
    author = {Huether, Nancy and Division, Bridge}
}

@article{Kijewski-correa2007,
    title = {{Validating Wind-Induced Response of Tall Buildings : Synopsis of the Chicago Full-Scale Monitoring Program}},
    year = {2007},
    author = {Kijewski-correa, Tracy and Asce, M and Kilpatrick, John and Kareem, Ahsan and Asce, M and Kwon, Dae-kun and Bashor, Rachel and Asce, S M and Kochly, Michael and Asce, S M and Young, Bradley S and Asce, M and Abdelrazaq, Ahmad and Asce, M and Galsworthy, Jon and Asce, M and Isyumov, Nicholas and Asce, F and Morrish, Dave and Sinn, Robert C and Asce, F and Baker, William F and Asce, F},
    number = {10},
    pages = {1509--1523},
    volume = {132}
}

@article{Li2017,
    title = {{Visible defects detection based on UAV-based inspection in large-scale photovoltaic systems}},
    year = {2017},
    journal = {IET Renewable Power Generation},
    author = {Li, Xiaoxia and Yang, Qiang and Chen, Zhebo and Luo, Xuejing and Yan, Wenjun},
    number = {10},
    pages = {1234--1244},
    volume = {11},
    url = {http://digital-library.theiet.org/content/journals/10.1049/iet-rpg.2017.0001},
    doi = {10.1049/iet-rpg.2017.0001},
    issn = {1752-1416}
}

@article{Narazaki2017,
    title = {{Vision-based Automated Bridge Component Recognition Integrated With High-level Scene Understanding}},
    year = {2017},
    author = {Narazaki, Y and Hoskere, V and Hoang, T A and Jr, B F Spencer},
    keywords = {beams, bridge, columns, computer vision, machine learning, multi-scale convolutional neural networks, object detection, object localization, slabs, viaduct}
}

@article{Yeum2015,
    title = {{Vision-Based Automated Crack Detection for Bridge Inspection}},
    year = {2015},
    journal = {Computer-Aided Civil and Infrastructure Engineering},
    author = {Yeum, Chul Min and Dyke, Shirley J},
    pages = {759--770},
    volume = {30},
    doi = {10.1111/mice.12141}
}

@article{Rathinam2008,
    title = {{Vision-Based Monitoring of Locally Linear Structures Using an Unmanned Aerial Vehicle}},
    year = {2008},
    journal = {Journal of Infrastructure Systems},
    author = {Rathinam, Sivakumar and Kim, Zu Whan and Sengupta, Raja},
    number = {1},
    pages = {52--63},
    volume = {14},
    url = {http://ascelibrary.org/doi/10.1061/%28ASCE%291076-0342%282008%2914%3A1%2852%29},
    isbn = {1076-0342 1943-555X},
    doi = {10.1061/(ASCE)1076-0342(2008)14:1(52)},
    issn = {1076-0342}
}

@phdthesis{Jahanshahi2011,
    title = {{Vision-Based Studies for Structural Health Monitoring and Condition Assessment}},
    year = {2011},
    author = {Jahanshahi, M.},
    number = {August},
    school = {University of Southern California}
}

@article{Graybeal2002,
    title = {{Visual inspection of highway bridges}},
    year = {2002},
    journal = {Journal of Nondestructive Evaluation},
    author = {Graybeal, Benjamin A. and Phares, Brent M. and Rolander, Dennis D. and Moore, Mark and Washer, Glenn},
    number = {3},
    pages = {67--83},
    volume = {21},
    doi = {10.1023/A:1022508121821},
    issn = {01959298},
    keywords = {Highway bridges, Human factors, Reliability, Visual inspection}
}

@misc{DJI2018a,
    title = {{Zenmuse X3 Specs}},
    year = {2018},
    booktitle = {Zenmuse X3 Specs},
    author = {{DJI}},
    url = {https://www.dji.com/zenmuse-x3/info#specs}
}

@article{Cho20153DState-of-the-art,
    title = {{3D as-is building energy modeling and diagnostics: A review of the state-of-the-art}},
    year = {2015},
    journal = {Advanced Engineering Informatics},
    author = {Cho, Yong K. and Ham, Youngjib and Golpavar-Fard, Mani},
    number = {2},
    pages = {184--195},
    volume = {29},
    publisher = {Elsevier Ltd},
    url = {http://dx.doi.org/10.1016/j.aei.2015.03.004},
    doi = {10.1016/j.aei.2015.03.004},
    issn = {14740346},
    keywords = {3D modeling, Building diagnostics, Laser scanning, Structure from motion, Thermal infrared imaging}
}

@article{Canny1986ADetection,
    title = {{A Computational Approach To Edge Detection}},
    year = {1986},
    journal = {IEEE Transactions on Pattern Analysis and Machine Intelligence},
    author = {Canny, John},
    number = {6},
    pages = {679--714},
    volume = {8},
    url = {https://ieeexplore-ieee-org.ezproxy2.library.colostate.edu/stamp/stamp.jsp?tp=&arnumber=4767851},
    keywords = {Edge Detection, Feature Extraction, Image Processing, Machine Vision, multiscale image analysis}
}

@article{Todd2007AAuthors:,
    title = {{A Different Approach to Sensor Networking for SHM: Remote Powering and Interrogation with Unmanned Aerial Vehicles Authors:}},
    year = {2007},
    journal = {Structural Health Monitoring 2007: Quantification, Validation, and Implementation, Vols 1 and 2},
    author = {Todd, Michael and Mascarenas, David and Flynn, Eric and Rosing, Tajana and Lee, Ben and Musiani, Daniele and Dasgupta, Sanjoy and Kpotufe, Samori and Hsu, Daniel and Gupta, Rajesj and Park, Gyuhae and Overly, Tim and Nothnagel, Matt and Farrar, Chuck},
    pages = {29--43},
    isbn = {978-1-932078-71-8}
}

@article{Park2013ATemplate,
    title = {{A framework for proactive construction defect management using BIM, augmented reality and ontology-based data collection template}},
    year = {2013},
    journal = {Automation in Construction},
    author = {Park, Chan Sik and Lee, Do Yeop and Kwon, Oh Seong and Wang, Xiangyu},
    pages = {61--71},
    volume = {33},
    doi = {10.1016/j.autcon.2012.09.010},
    issn = {09265805},
    keywords = {Augmented reality, BIM, Construction defect management, Data collection template, Ontology}
}

@article{Ham2013AnImagery,
    title = {{An automated vision-based method for rapid 3D energy performance modeling of existing buildings using thermal and digital imagery}},
    year = {2013},
    journal = {Advanced Engineering Informatics},
    author = {Ham, Youngjib and Golparvar-Fard, Mani},
    number = {3},
    pages = {395--409},
    volume = {27},
    publisher = {Elsevier Ltd},
    url = {http://dx.doi.org/10.1016/j.aei.2013.03.005},
    doi = {10.1016/j.aei.2013.03.005},
    issn = {14740346},
    keywords = {3D reconstruction, Building retrofit, Energy performance modeling, Structure-from-Motion, Thermography}
}

@article{Karaaslan2019ArtificialSystems,
    title = {{Artificial Intelligence Assisted Infrastructure Assessment using Mixed Reality Systems}},
    year = {2019},
    journal = {Transportation Research Record: Journal of the Transportation Research Board},
    author = {Karaaslan, Enes and Bagci, Ulas and Catbas, Fikret Necati},
    pages = {036119811983998},
    isbn = {4078231047},
    doi = {10.1177/0361198119839988},
    issn = {0361-1981}
}

@article{Son2015As-builtSurvey,
    title = {{As-built data acquisition and its use in production monitoring and automated layout of civil infrastructure: A survey}},
    year = {2015},
    journal = {Advanced Engineering Informatics},
    author = {Son, Hyojoo and Bosch{\'{e}}, Frédéric and Kim, Changwan},
    number = {2},
    pages = {172--183},
    volume = {29},
    publisher = {Elsevier Ltd},
    url = {http://dx.doi.org/10.1016/j.aei.2015.01.009},
    doi = {10.1016/j.aei.2015.01.009},
    issn = {14740346},
    keywords = {As-built, Automated layout, Civil infrastructure, Photo/video-grammetry, Production monitoring, Terrestrial laser scanning}
}

@article{Harwin2012AssessingImagery,
    title = {{Assessing the Accuracy of Georeferenced Point Clouds Produced via Multi-View Stereopsis from Unmanned Aerial Vehicle (UAV) Imagery}},
    year = {2012},
    journal = {Remote Sensing},
    author = {Harwin, Steve and Lucieer, Arko},
    number = {6},
    pages = {1573--1599},
    volume = {4},
    doi = {10.3390/rs4061573},
    issn = {20724292},
    keywords = {3D point cloud, Accuracy assessment, Coastal environment, Multi-view stereopsis, UAV}
}

@article{Korkmaz2018AugmentedDelivery,
    title = {{Augmented reality technology for highway construction project delivery}},
    year = {2018},
    journal = {ACM International Conference Proceeding Series},
    author = {Korkmaz, Kasim A. and Tanbour, Emad Y.H.},
    pages = {31--35},
    doi = {10.1145/3192975.3193024},
    keywords = {Augmented Reality, Highway Systems, Project Delivery, Virtual Reality}
}

@article{Moreu2017AugmentedInspection,
    title = {{Augmented reality tools for enhanced structural inspection}},
    year = {2017},
    journal = {Structural Health Monitoring 2017: Real-Time Material State Awareness and Data-Driven Safety Assurance - Proceedings of the 11th International Workshop on Structural Health Monitoring, IWSHM 2017},
    author = {Moreu, Fernando and Bleck, Brian and Vemuganti, Shreya and Rogers, David and Mascarenas, David},
    number = {June},
    pages = {3124--3130},
    volume = {2},
    isbn = {9781605953304},
    doi = {10.12783/shm2017/14221}
}

@article{Lee2011AugmentedMaintenance,
    title = {{Augmented reality-based computational fieldwork support for equipment operations and maintenance}},
    year = {2011},
    journal = {Automation in Construction},
    author = {Lee, Sanghoon and Akin, Ömer},
    number = {4},
    pages = {338--352},
    volume = {20},
    doi = {10.1016/j.autcon.2010.11.004},
    issn = {09265805},
    keywords = {Augmented reality, Building information modeling, Fieldwork efficiency, Operations and maintenance}
}

@article{Jog2011AutomatedApplications,
    title = {{Automated computation of the fundamental matrix for vision based construction site applications}},
    year = {2011},
    journal = {Advanced Engineering Informatics},
    author = {Jog, Gauri M. and Fathi, Habib and Brilakis, Ioannis},
    number = {4},
    pages = {725--735},
    volume = {25},
    publisher = {Elsevier Ltd},
    url = {http://dx.doi.org/10.1016/j.aei.2011.03.005},
    doi = {10.1016/j.aei.2011.03.005},
    issn = {14740346},
    keywords = {Fundamental matrix, Normalized eight-point algorithm, Speeded Up Robust Features (SURF)}
}

@article{Bosche2010AutomatedConstruction,
    title = {{Automated recognition of 3D CAD model objects in laser scans and calculation of as-built dimensions for dimensional compliance control in construction}},
    year = {2010},
    journal = {Advanced Engineering Informatics},
    author = {Bosch{\'{e}}, Frédéric},
    number = {1},
    pages = {107--118},
    volume = {24},
    publisher = {Elsevier Ltd},
    url = {http://dx.doi.org/10.1016/j.aei.2009.08.006},
    doi = {10.1016/j.aei.2009.08.006},
    issn = {14740346}
}

@article{Fathi2011AutomatedFeatures,
    title = {{Automated sparse 3D point cloud generation of infrastructure using its distinctive visual features}},
    year = {2011},
    journal = {Advanced Engineering Informatics},
    author = {Fathi, Habib and Brilakis, Ioannis},
    number = {4},
    pages = {760--770},
    volume = {25},
    publisher = {Elsevier Ltd},
    url = {http://dx.doi.org/10.1016/j.aei.2011.06.001},
    doi = {10.1016/j.aei.2011.06.001},
    issn = {14740346},
    keywords = {Automatic point matching, Passive remote sensing, SURF features, Sparse point cloud, Spatial data collection, Videogrammetry}
}

@article{Brilakis2011AutomatedEntities,
    title = {{Automated vision tracking of project related entities}},
    year = {2011},
    journal = {Advanced Engineering Informatics},
    author = {Brilakis, Ioannis and Park, Man Woo and Jog, Gauri},
    number = {4},
    pages = {713--724},
    volume = {25},
    publisher = {Elsevier Ltd},
    url = {http://dx.doi.org/10.1016/j.aei.2011.01.003},
    doi = {10.1016/j.aei.2011.01.003},
    issn = {14740346},
    keywords = {Artificial intelligence, Automatic identification systems, Automation, Imaging techniques, Information technology, Models}
}

@article{Phillips2019AutomatingInspections,
    title = {{Automating Data Collection for Robotic Bridge Inspections}},
    year = {2019},
    journal = {Journal of Bridge Engineering},
    author = {Phillips, Stephen and Narasimhan, Sriram},
    number = {8},
    pages = {04019075},
    volume = {24},
    url = {http://ascelibrary.org/doi/10.1061/%28ASCE%29BE.1943-5592.0001442},
    doi = {10.1061/(ASCE)BE.1943-5592.0001442},
    issn = {1084-0702}
}

@article{Williams2014BIM2MAR:Applications,
    title = {{BIM2MAR: An efficient BIM translation to mobile augmented reality applications}},
    year = {2014},
    journal = {Journal of Management in Engineering},
    author = {Williams, Graceline and Gheisari, Masoud and Chen, Po Jui and Irizarry, Javier},
    number = {1},
    pages = {1--8},
    volume = {31},
    doi = {10.1061/(ASCE)ME.1943-5479.0000315},
    issn = {0742597X},
    keywords = {Building information modeling, Facility management, Handheld mobile devices, Mobile augmented reality}
}

@book{Jauregui2005BridgePhotogrammetry,
    title = {{Bridge inspection using virtual reality and photogrammetry}},
    year = {2005},
    booktitle = {Inspection and Monitoring Techniques for Bridges and Civil Structures},
    author = {J{\'{a}}uregui, D. V. and White, K. R.},
    pages = {216--246},
    publisher = {Woodhead Publishing Limited},
    url = {http://dx.doi.org/10.1533/9781845690953.216},
    isbn = {9781855739390},
    doi = {10.1533/9781845690953.216}
}

@article{Salamak2018BrimTrends,
    title = {{Brim bridge inspections in the context of industry 4.0 trends}},
    year = {2018},
    journal = {Maintenance, Safety, Risk, Management and Life-Cycle Performance of Bridges - Proceedings of the 9th International Conference on Bridge Maintenance, Safety and Management, IABMAS 2018},
    author = {Salamak, M. and Januszka, M.},
    number = {July},
    pages = {2260--2267},
    isbn = {9781138730458}
}

@article{Napolitano2019CombinationPathology,
    title = {{Combination of image-based documentation and augmented reality for structural health monitoring and building pathology}},
    year = {2019},
    journal = {Frontiers in Built Environment},
    author = {Napolitano, Rebecca and Liu, Zachary and Sun, Carl and Glisic, Branko},
    number = {April},
    volume = {5},
    doi = {10.3389/fbuil.2019.00050},
    issn = {22973362},
    keywords = {Augmented reality, Building pathology, Human machine interface, Point cloud, Structural health monitoring, Virtual reality}
}

@article{Vaghefi2015CombinedAssessment,
    title = {{Combined Imaging Technologies for Concrete Bridge Deck Condition Assessment}},
    year = {2015},
    journal = {Journal of Performance of Constructed Facilities},
    author = {Vaghefi, Khatereh and Ahlborn, Theresa M. and Harris, Devin K. and Brooks, Colin N.},
    number = {4},
    pages = {1--8},
    volume = {29},
    doi = {10.1061/(ASCE)CF.1943-5509.0000465},
    issn = {08873828},
    keywords = {ArcGIS, Bridge inspection, Bridge management, Chain drag, Infrared thermography, Nondestructive testing and evaluation, Thermal infrared (IR), Three-dimensional (3D) photogrammetry}
}

@article{Civil1993ComputingEngineering,
    title = {{Computing in Civil and Building Engineering}},
    year = {1993},
    journal = {Computing in Civil and Building Engineering},
    author = {Civil, Computing I N},
    pages = {955--1865},
    isbn = {0872629155}
}

@article{Nishikawa2012ConcreteFiltering,
    title = {{Concrete Crack Detection by Multiple Sequential Image Filtering}},
    year = {2012},
    journal = {Computer-Aided Civil and Infrastructure Engineering},
    author = {Nishikawa, Takafumi and Yoshida, Junji and Sugiyama, Toshiyuki and Fujino, Yozo},
    number = {1},
    pages = {29--47},
    volume = {27},
    doi = {10.1111/j.1467-8667.2011.00716.x},
    issn = {10939687}
}

@article{Hu2018ConvolutionalImaging,
    title = {{Convolutional Sparse Coding for RGB+NIR Imaging}},
    year = {2018},
    journal = {IEEE Transactions on Image Processing},
    author = {Hu, Xuemei and Heide, Felix and Dai, Qionghai and Wetzstein, Gordon},
    number = {4},
    pages = {1611--1625},
    volume = {27},
    publisher = {IEEE},
    doi = {10.1109/TIP.2017.2781303},
    issn = {10577149},
    keywords = {Computational photography, convolutional sparse coding, structured illumination}
}

@article{Yoon2017Cross-Correlation-BasedVehicles,
    title = {{Cross-Correlation-Based Structural System Identification Using Unmanned Aerial Vehicles}},
    year = {2017},
    journal = {Sensors},
    author = {Yoon, Hyungchul and Hoskere, Vedhus and Park, Jong-Woong and Jr., Billie F. Spencer},
    number = {2075},
    pages = {1--12},
    volume = {17},
    doi = {10.3390/s17092075},
    keywords = {Unmanned Aerial Vehicles, computer vision, structural health monitoring, system identification}
}

@article{Tsechpenakis2011DeformableSegmentation,
    title = {{Deformable probability maps: Probabilistic shape and appearance-based object segmentation}},
    year = {2011},
    journal = {Computer Vision and Image Understanding},
    author = {Tsechpenakis, Gavriil and Chatzis, Sotirios P.},
    number = {8},
    pages = {1157--1169},
    volume = {115},
    publisher = {Elsevier Inc.},
    url = {http://dx.doi.org/10.1016/j.cviu.2010.09.010},
    doi = {10.1016/j.cviu.2010.09.010},
    issn = {10773142},
    keywords = {Deformable models, Graphical models, Segmentation}
}

@article{Lu2018DetectionBridges,
    title = {{Detection of Structural Components in Point Clouds of Existing RC Bridges}},
    year = {2018},
    journal = {Computer-Aided Civil and Infrastructure Engineering},
    author = {Lu, Ruodan and Brilakis, Ioannis and Middleton, Campbell R.},
    number = {0},
    pages = {1--22},
    url = {https://www.researchgate.net/publication/326688978},
    doi = {10.1111/mice.12407},
    issn = {14678667}
}

@inproceedings{Brooks2018DevelopmentInformation,
    title = {{Development and Implementation of the 3D Bridge App for Collection and Retrieval of Bridge Inspection and Management Information}},
    year = {2018},
    booktitle = {TRB 2018 Annual Meeting},
    author = {Brooks, Colin N. and Sawtell, Reid W. and Ahlborn, Theresa M. and Sullivan, Glenn and Kathrens, Richard and Curtis, Rebecca and Banach, David M.},
    pages = {1--14},
    address = {Washington D.C.}
}

@article{Catt2019Development,
    title = {{Development of a Semi-autonomous Drone for Structural Health Monitoring of Structures Using Digital Image Correlation ( DIC )}},
    year = {2019},
    journal = {Structural Health Monitoring, Photogrammetry {\&} DIC},
    author = {Catt, Sean and Fick, Benjamin and Hoskins, Matthew and Praski, Joseph and Baqersad, Javad},
    number = {February},
    pages = {9},
    volume = {6},
    isbn = {9783319744766},
    doi = {10.1007/978-3-319-74476-6},
    keywords = {DIC, UAV, bridges, drones, structural health monitoring}
}

@techreport{Linderman2019DisplacementSystem,
    title = {{Displacement Monitoring of I-35W Bridge with Current Vibration-Based System}},
    year = {2019},
    author = {Linderman, Lauren},
    number = {January},
    url = {https://trid.trb.org/View/1421194},
    institution = {Minnesota Department of Transportation},
    address = {Minneapolis, MN},
    keywords = {Estimation Theory, Kalman Filtering, Structural health monitoring}
}

@misc{Simek2013DissectionMatrix,
    title = {{Dissection the Camera Matrix}},
    year = {2013},
    booktitle = {Sightations: A Computer Vision Blog},
    author = {Simek, Kyle and Reid, Mark},
    url = {http://ksimek.github.io/2013/08/13/intrinsic/}
}

@article{2014DronesBridges,
    title = {{Drones to Capture Data From RFID Sensors on Bridges}},
    year = {2014},
    pages = {12360}
}

@misc{EB712_8-31-14.pdf,
    title = {{EB712{\_}8-31-14.pdf}}
}

@article{Laguela2011EnergyTechnologies,
    title = {{Energy efficiency studies through 3D laser scanning and thermographic technologies}},
    year = {2011},
    journal = {Energy and Buildings},
    author = {Lag{\"{u}}ela, S. and Mart{\'{i}}nez, J. and Armesto, J. and Arias, P.},
    number = {6},
    pages = {1216--1221},
    volume = {43},
    doi = {10.1016/j.enbuild.2010.12.031},
    issn = {03787788},
    keywords = {Building, Energy efficiency, Historical heritage conservation, Laser scanning, Metric calibration, Thermography}
}

@article{Mitra2003EstimatingData,
    title = {{Estimating Surface Normals in Noisy Point Cloud Data}},
    year = {2003},
    journal = {SoCG'03},
    author = {Mitra, Niloy J. and Nguyen, An},
    pages = {322--328},
    url = {http://vecg.cs.ucl.ac.uk/Projects/SmartGeometry/normal_est/paper_docs/normal_estimation_socg_03.pdf},
    isbn = {1581136633},
    keywords = {eigen analysis, neighborhood size estimation, noisy data, normal estimation}
}

@article{Shin2009EvaluationInspection,
    title = {{Evaluation of Augmented Reality in steel column inspection}},
    year = {2009},
    journal = {Automation in Construction},
    author = {Shin, Do Hyoung and Dunston, Phillip S.},
    number = {2},
    pages = {118--129},
    volume = {18},
    doi = {10.1016/j.autcon.2008.05.007},
    issn = {09265805},
    keywords = {Augmented Reality, Evaluation, Steel column inspection}
}

@article{Vaghefi2011EvaluationAssessment,
    title = {{Evaluation of Commercially Available Remote Sensors for Highway Bridge Condition Assessment}},
    year = {2011},
    journal = {Journal of Bridge Engineering},
    author = {Vaghefi, Khatereh and Oats, Renee C. and Harris, Devin K. and Ahlborn, Theresa (Tess) M. and Brooks, Colin N. and Endsley, K. Arthur and Roussi, Christopher and Shuchman, Robert and Burns, Joseph W. and Dobson, Richard},
    number = {6},
    pages = {886--895},
    volume = {17},
    doi = {10.1061/(asce)be.1943-5592.0000303},
    issn = {1084-0702}
}

@article{Poozesh2017FeasibilityStereo-photogrammetry,
    title = {{Feasibility of extracting operating shapes using phase-based motion magnification technique and stereo-photogrammetry}},
    year = {2017},
    journal = {Journal of Sound and Vibration},
    author = {Poozesh, Peyman and Sarrafi, Aral and Mao, Zhu and Avitabile, Peter and Niezrecki, Christopher},
    pages = {350--366},
    volume = {407},
    publisher = {Elsevier Ltd},
    url = {http://dx.doi.org/10.1016/j.jsv.2017.06.003},
    doi = {10.1016/j.jsv.2017.06.003},
    issn = {10958568},
    keywords = {3D point tracking, Digital image correlation, Modal analysis, Motion magnification technique, Phase-based motion estimation, Video magnification}
}

@article{Reagan2018FeasibilityBridges,
    title = {{Feasibility of using digital image correlation for unmanned aerial vehicle structural health monitoring of bridges}},
    year = {2018},
    journal = {Structural Health Monitoring},
    author = {Reagan, Daniel and Sabato, Alessandro and Niezrecki, Christopher},
    number = {5},
    pages = {1056--1072},
    volume = {17},
    doi = {10.1177/1475921717735326},
    issn = {17413168},
    keywords = {Autonomous inspection, bridge, digital image correlation, long-term monitoring, structural health monitoring, unmanned aerial vehicle}
}

@book{Serra1982ImageMorphology,
    title = {{Image Analysis and Mathematical Morphology}},
    year = {1982},
    author = {Serra, Jean},
    edition = {First},
    publisher = {Academic Press},
    address = {Cambridge, MA},
    isbn = {0126372403}
}

@article{Yang2013Image-basedReality,
    title = {{Image-based 3D scene reconstruction and exploration in augmented reality}},
    year = {2013},
    journal = {Automation in Construction},
    author = {Yang, Ming Der and Chao, Chih Fan and Huang, Kai Siang and Lu, Liang You and Chen, Yi Ping},
    pages = {48--60},
    volume = {33},
    publisher = {Elsevier B.V.},
    url = {http://dx.doi.org/10.1016/j.autcon.2012.09.017},
    doi = {10.1016/j.autcon.2012.09.017},
    issn = {09265805},
    keywords = {3D reconstruction, Augmented reality, Corresponding feature, Feature extraction, Structure from motion}
}

@article{Park2015Image-basedBridges,
    title = {{Image-based bolt-loosening detection technique of bolt joint in steel bridges}},
    year = {2015},
    journal = {International Conference on Advances in Experimental Structural Engineering},
    author = {Park, J. H. and Kim, T. H. and Kim, J. T.},
    number = {1},
    volume = {2015-Augus},
    issn = {25222503},
    keywords = {Bolt-loosening, Bolted joint, Bridge inspection, Image processing, Steel bridge}
}

@article{Adhikari2014Image-basedInspection,
    title = {{Image-based retrieval of concrete crack properties for bridge inspection}},
    year = {2014},
    journal = {Automation in Construction},
    author = {Adhikari, R. S. and Moselhi, O. and Bagchi, A.},
    pages = {180--194},
    volume = {39},
    publisher = {Elsevier B.V.},
    url = {http://dx.doi.org/10.1016/j.autcon.2013.06.011},
    doi = {10.1016/j.autcon.2013.06.011},
    issn = {09265805},
    keywords = {3D visualization, Branch points, Change detection, Crack quantification, Neural networks, Spectral analysis, Visual inspection}
}

@misc{INSPIREWebinars,
    title = {{INSPIRE Webinars}},
    url = {http://scholarsmine.mst.edu/inspire_webinars/}
}

@article{Golparvar-Fard2011IntegratedIndustry,
    title = {{Integrated sequential as-built and as-planned representation with D 4AR tools in support of decision-making tasks in the AEC/FM industry}},
    year = {2011},
    journal = {Journal of Construction Engineering and Management},
    author = {Golparvar-Fard, Mani and Pe{\~{n}}a-Mora, Feniosky and Savarese, Silvio},
    number = {12},
    pages = {1099--1116},
    volume = {137},
    doi = {10.1061/(ASCE)CO.1943-7862.0000371},
    issn = {07339364},
    keywords = {Computer vision, Computer-aided design (CAD), Construction management, Information technology (IT), Multiple-view geometry, Photography, Structure and motion}
}

@article{Wang2014IntegratingIndustry,
    title = {{Integrating Augmented Reality with Building Information Modeling: Onsite construction process controlling for liquefied natural gas industry}},
    year = {2014},
    journal = {Automation in Construction},
    author = {Wang, Xiangyu and Truijens, Martijn and Hou, Lei and Wang, Ying and Zhou, Ying},
    pages = {96--105},
    volume = {40},
    doi = {10.1016/j.autcon.2013.12.003},
    issn = {09265805},
    keywords = {Augmented Reality (AR), BIM + AR, Building Information Modeling (BIM), Liquefied Natural Gas (LNG) industry}
}

@article{Chionna2015IntegratingBuildings,
    title = {{Integrating building information modeling and augmented reality to improve investigation of historical buildings}},
    year = {2015},
    journal = {Conservation Science in Cultural Heritage},
    author = {Chionna, Francesco and Argese, Francesco and Palmieri, Vito and Spada, Italo and Colizzi, Lucio},
    number = {1},
    pages = {133--148},
    volume = {15},
    doi = {10.6092/issn.1973-9494/6174},
    issn = {19739494},
    keywords = {Augmented reality, Com-computer vision, Information modeling, Software engineering}
}

@article{Chen2013IntelligentApplications,
    title = {{Intelligent Robotics and Applications}},
    year = {2013},
    author = {Chen, Jie and Wu, Junjie and Chen, Gang and Dong, Wei},
    pages = {498--510},
    volume = {8103},
    url = {http://link.springer.com/10.1007/978-3-642-40849-6},
    isbn = {978-3-642-40848-9},
    doi = {10.1007/978-3-642-40849-6},
    keywords = {industrial inspection, inspection {\'{a}} obstacles avoidance, unmanned aerial vehicle {\'{a}}, {\'{a}} multi-sensor fusion}
}

@article{Ham2015MappingModeling,
    title = {{Mapping actual thermal properties to building elements in gbXML-based BIM for reliable building energy performance modeling}},
    year = {2015},
    journal = {Automation in Construction},
    author = {Ham, Youngjib and Golparvar-Fard, Mani},
    pages = {214--224},
    volume = {49},
    publisher = {Elsevier B.V.},
    url = {http://dx.doi.org/10.1016/j.autcon.2014.07.009},
    doi = {10.1016/j.autcon.2014.07.009},
    issn = {09265805},
    keywords = {Building energy performance modeling, Building information models (BIM), Building retrofits, Green building XML (gbXML), Image-based 3D reconstruction, Thermal resistances, Thermography}
}

@article{Barzegar2019MeasurementMeans,
    title = {{Measurement of fill volume of a storage vessel by optical means}},
    year = {2019},
    journal = {13th International Conference on Bulk Materials Storage, Handling {\&} Transportation},
    author = {Barzegar, Mohammad and Redding, Gabe P and Davies, Clive E and Fullard, Luke and Grafton, Miles C},
    number = {July}
}

@article{Betkowski2018ModelingBIM,
    title = {{Modeling of information on the impact of mining exploitation on bridge objects in BIM}},
    year = {2018},
    journal = {E3S Web of Conferences},
    author = {Bȩtkowski, Piotr},
    pages = {1--8},
    volume = {36},
    doi = {10.1051/e3sconf/20183601002},
    issn = {22671242},
    keywords = {BIM, Bridges, Maintenance, Management, Mining damages}
}

@incollection{Hartley2004MultipleVision,
    title = {{Multiple View Geometry in Computer Vision}},
    year = {2004},
    booktitle = {Multiple View Geometry in Computer Vision},
    author = {Hartley, Richard and Zisserman, Andrew},
    edition = {Second},
    publisher = {Cambridge University Press},
    url = {http://www.robots.ox.ac.uk/~vgg/hzbook/hzbook2/HZepipolar.pdf},
    isbn = {0521540518}
}

@article{Buades2011Non-LocalDenoising,
    title = {{Non-Local Means Denoising}},
    year = {2011},
    journal = {Image Processing On Line},
    author = {Buades, Antoni and Coll, Bartomeu and Morel, Jean-Michel},
    pages = {208--212},
    volume = {1},
    url = {http://dx.doi.org/10.5201/ipol.2011.bcm_nlm},
    doi = {10.5201/ipol.2011.bcm{\_}nlm},
    keywords = {denoising, nlmeans, non-local, non-local means}
}

@article{Yeh2012On-siteReality,
    title = {{On-site building information retrieval by using projection-based augmented reality}},
    year = {2012},
    journal = {Journal of Computing in Civil Engineering},
    author = {Yeh, Kai Chen and Tsai, Meng Han and Kang, Shih Chung},
    number = {3},
    pages = {342--355},
    volume = {26},
    doi = {10.1061/(ASCE)CP.1943-5487.0000156},
    issn = {08873801},
    keywords = {Augmented reality, Building information model, Mobile device, Projector, Wearable computing}
}

@article{Reagan2019ProceedingsSpie,
    title = {{Proceedings of spie}},
    year = {2019},
    author = {Reagan, Daniel and Sabato, Alessandro and Niezrecki, Christopher and Reagan, Daniel and Sabato, Alessandro and Niezrecki, Christopher and Reagan, Daniel and Sabato, Alessandro and Niezrecki, Christopher},
    number = {April 2017},
    volume = {1016909},
    doi = {10.1117/12.2259985}
}

@article{Jung2014ProductiveStructures,
    title = {{Productive modeling for development of as-built BIM of existing indoor structures}},
    year = {2014},
    journal = {Automation in Construction},
    author = {Jung, Jaehoon and Hong, Sungchul and Jeong, Seongsu and Kim, Sangmin and Cho, Hyoungsig and Hong, Seunghwan and Heo, Joon},
    pages = {68--77},
    volume = {42},
    publisher = {Elsevier B.V.},
    url = {http://dx.doi.org/10.1016/j.autcon.2014.02.021},
    doi = {10.1016/j.autcon.2014.02.021},
    issn = {09265805},
    keywords = {3D geometric drawing, As-built BIM, Laser scanner, Point cloud, RANSAC segmentation}
}

@article{Ham2012RapidImagery,
    title = {{Rapid 3D energy performance modeling of existing buildings using thermal and digital imagery}},
    year = {2012},
    journal = {Construction Research Congress 2012: Construction Challenges in a Flat World, Proceedings of the 2012 Construction Research Congress},
    author = {Ham, Youngjib and Golparvar-Fard, Mani},
    pages = {991--1000},
    isbn = {9780784412329},
    doi = {10.1061/9780784412329.100}
}

@techreport{Transportation1995RecordingBridges,
    title = {{Recording and Coding Guide for the Structure Inventory and Appraisal of the Nations's Bridges}},
    year = {1995},
    author = {Transportation, U.S. Departmentof},
    pages = {1--124},
    address = {Washington, D.C.}
}

@book{TransportationResearchBoard2019RenewingSystem,
    title = {{Renewing the National Commitment to the Interstate Highway System}},
    year = {2019},
    author = {{Transportation Research Board}},
    number = {320},
    isbn = {2023343216}
}

@misc{S0260877417301620,
    title = {{S0260877417301620}}
}

@article{Song2014SlidingImages,
    title = {{Sliding shapes for 3D object detection in depth images}},
    year = {2014},
    journal = {Lecture Notes in Computer Science (including subseries Lecture Notes in Artificial Intelligence and Lecture Notes in Bioinformatics)},
    author = {Song, Shuran and Xiao, Jianxiong},
    number = {PART 6},
    pages = {634--651},
    volume = {8694 LNCS},
    isbn = {9783319105987},
    doi = {10.1007/978-3-319-10599-4{\_}41},
    issn = {16113349}
}

@article{Ptrucean2015StateModelling,
    title = {{State of research in automatic as-built modelling}},
    year = {2015},
    journal = {Advanced Engineering Informatics},
    author = {Pətrəucean, Viorica and Armeni, Iro and Nahangi, Mohammad and Yeung, Jamie and Brilakis, Ioannis and Haas, Carl},
    number = {2},
    pages = {162--171},
    volume = {29},
    isbn = {9789517585972},
    doi = {10.1016/j.aei.2015.01.001},
    issn = {14740346},
    keywords = {As-built BIM, As-built modelling, As-designed BIM, Building Information Model (BIM)}
}

@article{Yoon2018StructuralSystem,
    title = {{Structural Displacement Measurement Using an Unmanned Aerial System}},
    year = {2018},
    journal = {Computer-Aided Civil and Infrastructure Engineering},
    author = {Yoon, Hyungchul and Shin, Jaeho and Spencer, Billie F.},
    number = {3},
    pages = {183--192},
    volume = {33},
    doi = {10.1111/mice.12338},
    issn = {14678667}
}

@article{Yoon2018StructuralSystemb,
    title = {{Structural Displacement Measurement Using an Unmanned Aerial System}},
    year = {2018},
    journal = {Computer-Aided Civil and Infrastructure Engineering},
    author = {Yoon, Hyungchul and Shin, Jaeho and Spencer, Billie F.},
    number = {3},
    pages = {183--192},
    volume = {33},
    doi = {10.1111/mice.12338},
    issn = {14678667}
}

@article{Yoon2018StructuralSystemc,
    title = {{Structural Displacement Measurement Using an Unmanned Aerial System}},
    year = {2018},
    journal = {Computer-Aided Civil and Infrastructure Engineering},
    author = {Yoon, Hyungchul and Shin, Jaeho and Spencer, Billie F.},
    number = {3},
    pages = {183--192},
    volume = {33},
    doi = {10.1111/mice.12338},
    issn = {14678667}
}

@book{Howland2014StructureMotion,
    title = {{Structure from Motion}},
    year = {2014},
    booktitle = {Near Eastern Archaeology},
    author = {Howland, Matthew D. and Kuester, Falko and Levy, Thomas E.},
    number = {3},
    pages = {187--191},
    volume = {77},
    url = {http://www.jstor.org/stable/info/10.5615/neareastarch.77.3.0187},
    doi = {10.5615/neareastarch.77.3.0187},
    issn = {10942076}
}

@article{Aoki2018StudySensor,
    title = {{Study on Non-contact Heart Beat Measuremtn Method by Using Dpeth Sensor}},
    year = {2018},
    journal = {World Congress on Medical Physics and Biomedical Engineering},
    author = {Aoki, Hirooki and Suzuki, Atsushi and Shiga, Tsuyoshi},
    number = {1},
    pages = {341--345},
    volume = {68},
    publisher = {Springer Singapore},
    url = {http://dx.doi.org/10.1007/978-981-10-9035-6_44},
    isbn = {9789811090356},
    doi = {10.1007/978-981-10-9035-6},
    keywords = {Heartbeat measurement, non-contact measurement dpeth sensor}
}

@article{Harris2016SynthesisMichigan,
    title = {{Synthesis of Field Performance of Remote Sensing Strategies for Condition Assessment of In-Service Bridges in Michigan}},
    year = {2016},
    journal = {Journal of Performance of Constructed Facilities},
    author = {Harris, Devin K. and Brooks, Colin N. and Ahlborn, Theresa M.},
    number = {5},
    volume = {30},
    doi = {10.1061/(ASCE)CF.1943-5509.0000844},
    issn = {08873828},
    keywords = {Bridges, Close-range photogrammetry, Gigapan, Infrared thermography, Light detection and ranging (LiDAR), Optical, Radar}
}

@book{AASHTO2018The2017,
    title = {{The Manual for Bridge Evaluation, Third Edition, 2017}},
    year = {2018},
    author = {{AASHTO}},
    edition = {3rd},
    publisher = {American Association of State Highway and Transportation Officials},
    url = {www.transportation.org},
    address = {Washington, D.C.},
    isbn = {2026245800},
    keywords = {BMS, CoRe, FHWA, I-section, LRFD, LRFR, MUTCD, NBI, NBIS, NICET, RF, SHV, SI{\&}A, allowable stress, appraisal sheet, arches, axial force, beam, bearing, bias, box culvert, box section, bracing, bridge file, bridge management system, bridge record, cable-stayed, cables, calibration, capacity, cleaning, collapse, compression, concrete, condition evaluation, condition rating, connections, corrugated, critical deficiency, cross-frames, culvert, data, dead load, dead-load, deck, deflection, distribution, diving, dolphins, drainage, earthquake, evaluation method, exclusion vehicle, expansion, eyebars, factor, failure, fatigue, fatigue-prone, fenders, field, field test, flexural, flexure, flood, floor system, fracture, fracture-critical, geometric, girder, hangers, ice, inspection, inventory, inventory rating, joints, lateral, lighting, limit state, live load, live-load, load, load allowance, load and resistance factor, load factor, load factors, load rating, load test, load-carrying, maintenance, margin of safety, measurement, measurements, members, metal, metal plate, movable, national, national bridge inspection standards, national bridge management systems, nominal, nominal capacity, nominal reistance, operating, operating rating, optiminization, pinned, pins, pins and hangers, plate, posting, prestressed, quality, quality assurance, quality control, rating, reinforced, reliability, repair, resistance, resistance factor, retrofit, rivet, riveted, safe load, safety, segmental, service, service limit state, serviceability, serviceability limit state, shear, shrinkage, signs, span, spans, specialized hauling vehicle, steel, steel beam, strength, strength limit state, structural analysis, structure, structure inventory, substructure, superstructure, suspension, target, target reliability, test, timber, torsion, traffic, transient, transient loads, truss, underwater, wading, water, waterway, weld, welded, wood}
}

@article{Brilakis2010TowardData,
    title = {{Toward automated generation of parametric BIMs based on hybrid video and laser scanning data}},
    year = {2010},
    journal = {Advanced Engineering Informatics},
    author = {Brilakis, Ioannis and Lourakis, Manolis and Sacks, Rafael and Savarese, Silvio and Christodoulou, Symeon and Teizer, Jochen and Makhmalbaf, Atefe},
    number = {4},
    pages = {456--465},
    volume = {24},
    publisher = {Elsevier Ltd},
    url = {http://dx.doi.org/10.1016/j.aei.2010.06.006},
    doi = {10.1016/j.aei.2010.06.006},
    issn = {14740346},
    keywords = {Building information modeling, Computer vision, Image processing, Machine learning, Videogrammetry}
}

@article{Sabharwal2019TrackingStereophotogrammetry,
    title = {{Tracking the 6-DOF Flight Trajectory of Windborne Debris Using Stereophotogrammetry}},
    year = {2019},
    journal = {Infrastructures},
    author = {{Sabharwal} and {Guo}},
    number = {4},
    pages = {66},
    volume = {4},
    url = {https://www.mdpi.com/2412-3811/4/4/66},
    doi = {10.3390/infrastructures4040066},
    issn = {2412-3811},
    keywords = {coordinate system, debris, di ff erential, frame, motion, trajectory}
}

@article{Chen2019UAVReconstructions,
    title = {{UAV Bridge Inspection through Evaluated 3D Reconstructions}},
    year = {2019},
    journal = {Journal of Bridge Engineering},
    author = {Chen, Siyuan and Laefer, Debra F. and Mangina, Eleni and Zolanvari, S. M. Iman and Byrne, Jonathan},
    number = {4},
    pages = {05019001},
    volume = {24},
    url = {http://ascelibrary.org/doi/10.1061/%28ASCE%29BE.1943-5592.0001343},
    doi = {10.1061/(ASCE)BE.1943-5592.0001343},
    issn = {1084-0702}
}

@article{Chen2019UAVReconstructionsb,
    title = {{UAV Bridge Inspection through Evaluated 3D Reconstructions}},
    year = {2019},
    author = {Chen, Siyuan and Laefer, Debra F and Asce, M and Mangina, Eleni and Zolanvari, S M Iman and Byrne, Jonathan},
    number = {4},
    pages = {1--15},
    volume = {24},
    doi = {10.1061/(ASCE)BE.1943-5592.0001343.}
}

@inproceedings{Perry2019UnmannedInspection,
    title = {{Unmanned Aerial Vehicle (UAV) Enabled Building Information Modeling for Bridge Inspection}},
    year = {2019},
    booktitle = {9th International Conference on Structural Health Monitoring of Intelligent Infrastructure},
    author = {Perry, Brandon and Guo, Yanlin and Atadero, Rebecca and W. van de Lindt, John},
    number = {2019},
    pages = {1--6},
    publisher = {Sensors},
    address = {St. Lois, MO},
    keywords = {bim, bridge inspection, component-wise damage information mapping, decision-making support, uav, visualization}
}

@article{Reagan2017UnmannedBridges,
    title = {{Unmanned aerial vehicle acquisition of three-dimensional digital image correlation measurements for structural health monitoring of bridges}},
    year = {2017},
    journal = {Nondestructive Characterization and Monitoring of Advanced Materials, Aerospace, and Civil Infrastructure 2017},
    author = {Reagan, Daniel and Sabato, Alessandro and Niezrecki, Christopher},
    number = {April 2017},
    pages = {1016909},
    volume = {10169},
    doi = {10.1117/12.2259985}
}

@misc{UQLiterature,
    title = {{UQ Interesting literature}}
}

@article{Omer2019UseOffice,
    title = {{Use of gaming technology to bring bridge inspection to the office}},
    year = {2019},
    journal = {Structure and Infrastructure Engineering},
    author = {Omer, Muhammad and Margetts, Lee and Hadi Mosleh, Mojgan and Hewitt, Sam and Parwaiz, Muhammad},
    number = {May},
    volume = {2479},
    doi = {10.1080/15732479.2019.1615962},
    issn = {17448980},
    keywords = {Bridge, LIDAR, digital twin, evaluation, inspection, maintenance, non-destructive methods, virtual reality}
}

@article{Isha2009VibrationBridges,
    title = {{Vibration factors of overhead sign structures mounted on highway bridges}},
    year = {2009},
    journal = {Steel Construction},
    author = {Isha, Hideo and Kitada, Toshiyuki and Nishioka, Keiji and Tokumasu, Ken},
    number = {2},
    pages = {78--88},
    volume = {2},
    doi = {10.1002/stco.200910011},
    issn = {18670520}
}

@article{Agnello2019VIRTUALARCHITECTURE,
    title = {{VIRTUAL REALITY for HISTORICAL ARCHITECTURE}},
    year = {2019},
    journal = {ISPRS Annals of the Photogrammetry, Remote Sensing and Spatial Information Sciences},
    author = {Agnello, F. and Avella, F. and Agnello, S.},
    number = {2/W9},
    pages = {9--16},
    volume = {42},
    doi = {10.5194/isprs-archives-XLII-2-W9-9-2019},
    issn = {21949050},
    keywords = {3D modeling, 3D surveying, Cultural Heritage, Real time rendering, Virtual Reality}
}

@article{Ham2016VisualWorks,
    title = {{Visual monitoring of civil infrastructure systems via camera-equipped Unmanned Aerial Vehicles (UAVs): a review of related works}},
    year = {2016},
    journal = {Visualization in Engineering},
    author = {Ham, Youngjib and Han, Kevin K. and Lin, Jacob J. and Golparvar-Fard, Mani},
    number = {1},
    pages = {1--8},
    volume = {4},
    publisher = {Visualization in Engineering},
    url = {http://dx.doi.org/10.1186/s40327-015-0029-z},
    doi = {10.1186/s40327-015-0029-z},
    issn = {22137459},
    keywords = {Civil infrastructure condition assessment, Construction monitoring, Unmanned Aerial Vehicles (UAVs)}
}

@techreport{Bolme2010VisualFilters,
    title = {{Visual Object Tracking using Adaptive Correlation Filters}},
    year = {2010},
    author = {Bolme, David and Beveridge, Ross and Draper, BRuce and Lui, Yui Main},
    institution = {Colorado State University},
    address = {Fort Collins},
    doi = {10.1007/s11947-012-0987-2},
    issn = {19355130}
}

@techreport{Brooks2017WirelessInformation,
    title = {{Wireless Data Collection Retrievals of Bridge Inspection/Management Information}},
    year = {2017},
    author = {Brooks, Colin N. and M.Ahlborn, Theresa},
    url = {https://www.michigan.gov/documents/mdot/SPR1634_572333_7.pdf},
    institution = {Michigan Tech Research Institute},
    address = {Houghton, MI},
    keywords = {3D, Bridges, Unreal Engine, data, database, element, inspection, interactive, tablets}
}